3810 5528
1436 309 1557 375 Oltober
1578 327 1656 390 153¹·

387 477 462 538 recht
474 473 598 553 zaghafte
611 476 764 552 Stimmung
777 473 916 535 Heinrichs
930 473 1000 536 VIII.
1014 479 1097 551 vergi.
1113 472 1279 548 Friedrnann,
1295 477 1314 534 I.
1331 495 1387 550 130.
1418 480 1465 534 Rei
1478 479 1528 535 den
1539 481 1655 536 Worten

386 569 580 642 procedendosi
600 586 646 640 per
665 566 830 623 contradetta
849 570 894 622 hat
912 587 974 622 mnu
994 569 1083 623 audie
1102 569 1233 623 audientia
1252 569 1473 624 contradictarum
1491 588 1522 624 zu
1540 571 1654 636 denlren,

387 675 439 712 von
459 657 577 712 welches
601 657 671 711 oben
697 657 722 712 S.
743 673 785 728 23,
810 657 889 712 Anm.
913 673 921 710 1
945 657 987 710 die
1007 657 1080 712 Rede
1099 675 1162 711 urar.
1195 657 1256 711 Von
1276 657 1322 712 der
1341 657 1573 730 diesbezbglichen
1588 658 1654 713 For-

386 747 487 817 derung
506 746 552 800 der
571 746 754 799 Kaiserlichen
772 745 871 816 spricht
891 745 957 799 auch
976 747 998 817 J.
1019 745 1126 800 Salviati
1145 747 1170 800 in
1190 748 1278 800 einem
1298 747 1442 800 Schreihen
1461 764 1524 802 vom
1547 763 1586 816 13.
1601 748 1655 819 juli

386 835 443 904 (XI.
465 851 487 904 7.
509 835 559 901 26„
579 833 596 888 f.
619 837 655 904 3):
682 835 779 897 Questi
798 834 904 904 Signori
923 833 1031 888 Cesarei
1049 835 1155 888 instano
1174 851 1221 906 per
1240 836 1320 889 havet
1339 835 1363 888 la
1383 837 1582 902 commissione,
1601 837 1654 890 che

386 925 407 976 si
427 923 541 994 proceda
559 940 614 977 non
633 923 798 976 obstantibus
818 921 897 990 feriis,
916 922 942 976 di
961 922 1012 976 che
1030 923 1082 976 Sua
1102 923 1267 977 Beatitudine
1286 924 1320 977 ha
1339 923 1413 978 detto
1432 924 1482 977 che
1501 926 1523 978 si
1542 923 1606 995 parii
1625 927 1653 978 in

385 1014 527 1084 signatura,
546 1012 679 1066 ancorche
698 1013 719 1064 si
738 1012 822 1082 pensi,
848 1011 898 1064 che
917 1010 978 1083 quel
997 1011 1100 1066 Sermo.
1119 1029 1148 1065 re
1167 1012 1239 1066 haria
1262 1013 1329 1066 iusta
1349 1030 1427 1067 causa
1445 1013 1471 1066 di
1490 1013 1599 1080 dolersi,
1622 1031 1653 1066 se

385 1102 406 1154 si
431 1101 603 1155 concedesse.
629 1133 661 1140 —
681 1099 742 1153 Von
767 1101 841 1154 elner
866 1099 1046 1154 schriftlichen
1072 1099 1196 1154 hntwort
1221 1101 1267 1154 des
1292 1100 1398 1154 Kaisers
1424 1119 1457 1154 an
1481 1099 1653 1173 Campeggio

384 1190 483 1261 spricht
507 1189 554 1243 der
575 1189 684 1242 letztere
710 1189 779 1242 auch
802 1206 836 1241 an
855 1189 1063 1242 verschiedenen
1088 1188 1187 1242 andern
1211 1188 1324 1254 Steilen;
1353 1190 1423 1242 doch
1447 1190 1515 1244 habe
1539 1191 1581 1243 ich
1604 1191 1653 1244 das

384 1277 557 1331 Schriftstiick
576 1277 649 1331 nicht
668 1275 802 1330 auffinden
821 1277 936 1331 konnen.

921 1509 1009 1590 104.

366 1667 546 1758 Clemens
566 1665 635 1733 VII.
660 1689 698 1733 au
723 1666 907 1733 Heinrich
928 1665 1012 1734 VIII.
1059 1666 1155 1748 Rom,
1183 1687 1231 1753 14.
1255 1665 1441 1754 September
1469 1685 1560 1752 1531.

383 1827 500 1896 Kreden(
523 1827 577 1878 rand
600 1825 769 1896 Empseblung
786 1826 838 1895 seir
862 1823 987 1895 Syluester
1012 1825 1120 1889 Durius,
1144 1825 1190 1877 der
1212 1826 1250 1878 uls
1269 1825 1423 1897 papstlicher
1450 1825 1561 1878 Nrcntins
1585 1825 1651 1878 arach

278 1915 425 1969 Schottlund
443 1917 509 1968 reist.

700 2020 778 2106 Regi
803 2019 947 2106 Angliae.

382 2145 563 2212 Carissimo.
611 2143 693 2210 Cum
724 2141 775 2209 dil.
807 2140 849 2209 fil.
879 2141 1038 2232 Sylvester
1066 2144 1195 2226 Darius,
1223 2144 1322 2213 nostri
1352 2143 1453 2232 palatii
1483 2166 1648 2210 causarum

275 2251 409 2332 auditor,
433 2251 509 2317 olim
535 2264 644 2317 noster
666 2247 748 2336 apud
771 2261 813 2330 te,
838 2272 922 2316 nunc
946 2248 984 2316 ad
1001 2248 1158 2317 Sermum.
1179 2249 1351 2318 Scotorum
1367 2272 1477 2338 regem
1495 2269 1648 2337 nepotem

273 2372 364 2426 tuum
389 2356 562 2424 destinatus
585 2379 602 2422 a
626 2355 718 2422 nobis
743 2357 881 2437 nuntius
906 2357 1007 2423 iussus
1029 2379 1047 2423 a
1071 2355 1162 2423 nobis
1186 2359 1235 2438 sit,
1252 2356 1459 2423 Serenitatem
1485 2355 1590 2422 Tuam
1614 2357 1648 2422 in

274 2486 333 2530 suo
358 2465 426 2532 istic
449 2465 581 2530 transitu
605 2475 717 2529 nostro
734 2463 866 2528 nomine
885 2459 1018 2529 salutare
1042 2474 1073 2529 et
1097 2484 1147 2528 eas
1170 2485 1231 2544 res
1255 2485 1313 2550 pro
1330 2461 1442 2551 quibus
1459 2481 1533 2529 eum
1551 2463 1648 2530 mitti·

274 2593 354 2648 mus,
388 2593 460 2636 cum
491 2593 526 2636 ea
554 2568 807 2649 communicare,
837 2591 1027 2655 quamquain
1058 2566 1112 2634 tibi
1146 2581 1179 2634 ut
1212 2566 1370 2635 credimus
1402 2567 1542 2657 nota(s),
1573 2569 1649 2634 hor-

273 2689 377 2744 tamur
401 2675 610 2743 Serenitatem
634 2673 738 2740 Tuarn
764 2673 795 2738 in
819 2673 980 2754 Domino,
1010 2686 1043 2740 ut
1067 2673 1168 2741 eidem
1195 2673 1357 2762 Sylvestro
1381 2673 1506 2761 plenam
1536 2676 1567 2740 in
1598 2675 1647 2741 his

272 2781 368 2850 fidem
394 2782 508 2849 habere
532 2794 574 2862 et,
598 2781 623 2847 si
647 2804 708 2868 qua
731 2782 761 2846 in
787 2802 820 2846 re
844 2779 900 2846 sibi
925 2781 1027 2848 visum
1053 2780 1145 2848 fuerit
1168 2780 1305 2847 eundem
1331 2781 1477 2847 nuntium
1499 2793 1646 2847 nostrum

272 2887 460 2956 coadiuvare
483 2909 577 2975 posse
596 2887 658 2953 tuis
675 2885 784 2952 litteris
801 2899 831 2954 et
847 2886 1036 2954 authoritate
1059 2885 1140 2972 apud
1165 2884 1301 2954 eundem
1319 2898 1471 2974 nepotem
1494 2899 1596 2968 tuum,
1614 2887 1647 2954 id

272 2994 398 3063 efficere
422 2994 483 3060 Dei
507 3005 538 3059 et
560 3005 668 3058 nostra
692 3015 784 3058 causa
806 2992 892 3060 velis,
933 2992 1034 3074 Quod
1057 2991 1161 3059 aTua
1177 2993 1352 3060 Serenitate
1367 2993 1557 3081 accipiemus
1576 3016 1647 3078 gra-

271 3102 439 3169 tissimum.

379 3208 492 3273 Datum
518 3205 650 3286 Romae,
679 3225 725 3290 14.
750 3203 944 3292 Septembris
972 3226 1064 3292 1531.
1110 3207 1208 3272 Anno
1231 3218 1355 3272 octavo,

418 3353 423 3360 ¹
483 3364 558 3417 Brev.
579 3364 641 3416 min.
663 3363 715 3417 vol.
732 3379 770 3432 37,
791 3380 816 3417 n.
829 3377 889 3428 404.
927 3364 1145 3434 Eutsprechende
1159 3363 1303 3417 Schreiben
1322 3363 1433 3417 worden
1452 3364 1520 3417 auch
1539 3381 1572 3418 an
1592 3365 1645 3418 den

376 3452 488 3506 Bischos
497 3470 551 3506 von
564 3451 684 3517 Lincoin,
703 3452 809 3522 Johann
824 3451 971 3522 Longland‚
985 3452 1152 3506 Beichtvater
1165 3453 1211 3506 des
1227 3452 1338 3522 Kbnigs‚
1359 3451 1412 3505 urid
1424 3469 1457 3504 an
1473 3452 1523 3505 den
1537 3451 1647 3524 Herzog

377 3558 431 3595 von
450 3539 562 3594 Norsolk
582 3540 722 3612 gerichtet.

844 3717 932 3800 105.
984 3719 1072 3801 106.

360 3823 539 3943 Clemens
559 3875 628 3943 VII.
653 3899 692 3942 an
717 3875 767 3943 die
791 3875 904 3944 beiden
931 3876 1212 3964 Rechtsgelehrten
1241 3874 1389 3964 Philipp
1414 3877 1553 3944 Dezius

477 3981 543 4049 und
567 3981 736 4071 Raynald
760 3983 947 4050 Petrucci.
995 3984 1090 4066 Rom,
1116 3987 1144 4050 6.
1169 3981 1318 4050 Oktober
1346 4003 1438 4070 1531.

376 4141 572 4212 Aussorderung
591 4161 620 4211 pr
641 4144 721 4194 rium
743 4141 883 4196 Gutochien
904 4144 930 4194 in
949 4142 996 4195 der
1014 4142 1154 4213 angl-ischas
1175 4141 1380 4213 Angelrgenhet't.

694 4281 821 4350 Dilecto
846 4282 911 4350 filio
936 4282 1081 4370 Philippo
1105 4283 1218 4350 Decio,

374 4403 415 4472 D.
440 4405 460 4472 f.
486 4405 539 4473 sal.
585 4406 648 4472 Pro
673 4417 779 4473 nostra
803 4407 893 4474 solita
918 4407 949 4472 in
973 4419 1026 4474 tua
1049 4407 1197 4494 singulari
1220 4406 1362 4474 doctrina
1390 4420 1484 4496 atque
1518 4409 1548 4474 in
1579 4431 1643 4476 nos

269 4533 380 4578 amore
404 4510 517 4578 fiducia
541 4514 696 4580 mittimus
725 4512 762 4580 ad
791 4532 822 4580 te
845 4513 1049 4599 allegationes
1080 4513 1217 4580 acclusas
1241 4515 1273 4579 in
1302 4537 1393 4582 causa
1417 4515 1642 4582 matrimoniali

270 4640 379 4684 coram
402 4617 495 4685 nobis
519 4619 551 4684 in
571 4621 763 4686 consistorio
787 4631 900 4686 nostro
925 4621 1005 4685 inter
1029 4619 1175 4687 Carmos.
1201 4621 1233 4687 in
1250 4620 1379 4687 Christo
1403 4619 1485 4687 fiilos
1511 4641 1640 4688 nostros

270 4725 343 4792 hinc
366 4747 476 4812 regem
509 4725 581 4793 inde
610 4727 751 4812 reginam
777 4726 911 4814 Angliae
939 4738 1099 4807 vertente,
1127 4739 1219 4816 atque
1248 4749 1264 4793 a
1292 4738 1323 4793 te
1352 4725 1395 4794 fili
1424 4727 1575 4815 petimus,
1606 4741 1641 4796 ut

269 4830 327 4897 illis
350 4831 517 4918 diligenter
540 4851 570 4899 et
594 4831 736 4899 studiose
760 4831 907 4898 discussis
935 4855 1032 4921 reque
1059 4845 1126 4900 tota
1150 4852 1271 4900 mature
1299 4854 1452 4922 perpensa
1478 4845 1570 4901 tuum
1594 4835 1641 4902 iu·

270 4937 386 5005 dIcium
412 4961 447 5004 ac
471 4939 660 5005 sententiam
690 4961 756 5004 uon
781 4937 868 5004 aliter
892 4963 986 5028 quam
1011 4963 1068 5028 pro
1093 4963 1179 5006 mera
1210 4941 1323 5007 iustitia
1347 4941 1476 5008 veritate
1505 4951 1535 5007 et
1564 4942 1641 5007 iuris
