3842 5532
311 301 373 369 276
1512 316 1544 376 ll.
1566 319 1681 390 lleilage.

309 479 466 561 satissatti,
491 491 522 547 et
544 490 634 546 tanto
662 479 716 568 piu
739 477 797 547 che
826 478 1022 548 intendiamo
1053 503 1109 570 per
1132 479 1284 549 relatione
1314 480 1492 570 d'ognuno‚
1521 481 1581 549 che
1604 482 1630 547 si
1652 479 1682 548 fa

310 589 388 674 ogni
411 589 528 675 giorno
552 585 584 653 di
612 585 739 674 miglior
762 598 849 654 sorte
880 606 911 655 et
939 588 992 675 piu
1016 584 1054 655 da
1077 586 1158 655 bene
1183 600 1214 655 et
1237 586 1409 670 catholico,
1438 599 1470 655 et
1497 589 1553 655 noi
1581 609 1681 655 cono

309 696 430 762 sciamo
453 691 552 760 molta
575 690 754 774 affettione,
784 692 866 760 ch'el
888 705 979 781 porta
1002 692 1060 761 alla
1082 696 1192 782 regina
1214 693 1329 761 sorella
1356 693 1387 760 di
1408 695 1526 761 Vostra
1548 693 1681 774 Maesta,

309 799 477 868 studiando
516 799 549 864 in
589 799 667 884 ogni
701 821 775 865 cosa
809 796 884 865 larle
917 801 1041 887 piacere
1080 813 1111 867 et
1146 801 1280 867 honore.
1339 800 1377 867 Et
1410 811 1498 868 certo
1533 811 1681 866 restores·

310 907 393 973 simo
418 904 456 972 da
480 905 558 992 ogni
580 917 668 992 parte
697 902 870 986 consolati,
901 927 935 972 se
965 924 1079 994 questo
1109 905 1180 972 solo
1209 928 1294 993 poco
1325 907 1456 993 rispetto
1487 903 1519 972 di
1549 903 1680 993 qualche

309 1012 498 1099 suspettuzzi
521 1012 547 1076 si
570 1010 598 1076 ci
621 1009 749 1078 tollesse
773 1009 918 1092 d'inauzi,
942 1010 1065 1078 benche
1093 1033 1161 1078 non
1191 1011 1326 1078 havemo
1350 1034 1431 1099 poca
1459 1033 1608 1099 speranza
1630 1008 1682 1078 del

310 1117 395 1185 aiuto
420 1115 451 1184 di
474 1116 539 1182 Dio
562 1129 594 1183 et
618 1115 698 1184 della
728 1116 812 1183 bona
842 1127 950 1183 mente
979 1115 1010 1184 di
1034 1118 1074 1183 V.
1100 1118 1144 1184 M.
1170 1131 1201 1184 et
1224 1116 1275 1185 del
1298 1116 1376 1184 cald'
1404 1119 1513 1184 animo
1541 1140 1636 1185 verso
1660 1114 1681 1182 il

310 1223 371 1291 ben
395 1222 426 1290 di
451 1222 609 1304 Cristiani,
634 1222 692 1289 che
713 1223 740 1288 ci
763 1243 837 1310 pare
854 1222 1068 1290 chiaramente
1084 1246 1258 1290 conoscere
1275 1225 1306 1290 in
1326 1235 1439 1312 questo
1456 1246 1499 1306 re,
1524 1221 1574 1290 del
1590 1222 1680 1312 quale

310 1329 448 1396 anchora
471 1328 527 1395 noi
550 1329 651 1394 siamo
676 1327 827 1395 diventati
850 1331 875 1394 sl
899 1327 1096 1411 inflammati,
1120 1329 1291 1416 parendoci
1308 1352 1370 1397 con
1388 1328 1519 1418 qualche
1534 1326 1624 1396 latica
1641 1327 1681 1395 de

310 1434 339 1500 la
362 1455 497 1522 persona
521 1445 639 1515 nostra,
664 1433 776 1500 bench'
800 1457 817 1500 a
840 1434 895 1500 noi
918 1447 1006 1521 grata
1029 1447 1060 1501 et
1083 1433 1257 1521 gioconda,
1292 1435 1387 1502 haver
1410 1437 1498 1524 quasi
1527 1432 1681 1501 concluso

309 1564 353 1607 un
376 1542 402 1606 sl
425 1562 503 1628 gran
526 1538 618 1621 bene,
643 1561 737 1606 come
760 1540 833 1606 tutti
855 1539 876 1606 li
892 1539 990 1607 secoli
1013 1541 1125 1628 passati
1142 1541 1250 1608 hanno
1268 1539 1455 1623 desiderato,
1479 1552 1511 1608 et
1527 1540 1605 1607 hora
1624 1563 1681 1628 per

310 1669 365 1714 sua
389 1668 513 1714 summa
536 1645 698 1734 benignita
721 1645 760 1713 da
782 1646 847 1713 Dio
872 1669 889 1712 a
912 1647 967 1713 noi
992 1647 1211 1734 ripresentaro‚
1234 1669 1269 1714 se
1293 1647 1320 1714 la
1341 1669 1488 1735 sapremo
1509 1657 1680 1729 accettare;

311 1752 369 1819 che
393 1750 539 1819 habiarno
565 1751 661 1818 hauto
685 1774 762 1840 gran
786 1750 891 1839 voglia
915 1763 947 1820 et
969 1754 1057 1841 quasi
1072 1751 1243 1820 deliberato
1269 1755 1413 1820 metterci
1429 1753 1462 1820 in
1482 1755 1608 1819 camino
1625 1775 1681 1840 per

310 1858 419 1926 venire
442 1880 460 1924 a
482 1869 588 1925 trovar
611 1858 652 1924 V.
677 1857 722 1924 M.
751 1877 781 1925 et
810 1858 947 1945 portarle
977 1858 1005 1925 le
1035 1858 1143 1926 buone
1170 1882 1272 1940 nove,
1300 1878 1331 1926 et
1360 1871 1447 1928 certo
1476 1859 1680 1926 l'havessimo

310 1963 400 2045 fatto,
424 1963 482 2030 che
507 1985 574 2029 non
597 1963 699 2029 siamo
722 1965 773 2050 gil
796 1985 852 2051 per
875 1963 1033 2051 perdonar
1056 1988 1073 2031 a
1095 1963 1210 2032 fatiche
1234 1969 1274 2031 ne
1298 1964 1355 2031 alla
1371 1987 1507 2052 persona
1522 1975 1632 2030 nostra
1648 1966 1680 2029 in

311 2071 435 2158 eseguir
458 2067 487 2135 le
510 2091 586 2136 cose
609 2081 696 2156 grate
719 2092 737 2136 a
758 2069 834 2151 Dio,
858 2093 892 2136 se
916 2091 983 2136 non
1006 2069 1065 2137 che
1088 2068 1261 2138 dubitando
1289 2071 1437 2159 alquanto
1466 2070 1497 2136 di
1526 2093 1593 2137 non
1615 2081 1681 2136 tro-

310 2197 364 2243 var
388 2175 518 2242 l'animo
543 2174 574 2241 di
597 2175 638 2241 V.
662 2175 707 2241 M.
732 2178 800 2242 cosl
822 2177 926 2243 sicuro
951 2193 982 2242 et
1005 2174 1138 2243 risoluto
1158 2199 1251 2244 corne
1275 2178 1331 2243 noi
1349 2176 1494 2244 habiamo
1519 2174 1539 2243 il
1555 2187 1679 2258 nostro,

313 2283 452 2349 anchora
468 2281 527 2348 che
543 2292 653 2369 questa
669 2300 785 2348 venuta
800 2306 818 2349 a
842 2283 896 2348 noi
915 2282 999 2349 fusse
1016 2282 1150 2349 honesta
1165 2294 1197 2351 et
1210 2295 1297 2350 santa
1322 2295 1353 2350 et
1367 2303 1424 2371 per
1440 2280 1524 2350 darei
1541 2280 1679 2364 credit03

311 2409 379 2456 non
402 2385 541 2474 vogliam
557 2388 635 2474 peri)
658 2410 715 2475 per
737 2387 758 2454 il
774 2399 886 2455 nostro
902 2389 1055 2477 acquistar
1070 2391 1268 2476 reputatione
1285 2399 1411 2476 portare
1428 2389 1559 2477 qualche
1576 2388 1679 2454 carico

311 2517 330 2561 a
352 2494 393 2560 V.
417 2492 473 2575 M„
497 2491 518 2558 il
541 2492 631 2582 quale
659 2492 688 2560 le
711 2496 816 2582 porria
839 2495 948 2562 venire
974 2517 1069 2582 grave
1093 2493 1209 2562 adosso
1240 2493 1292 2562 nel
1320 2493 1474 2582 opinione
1497 2492 1529 2561 di
1551 2505 1634 2560 tutto
1659 2491 1679 2559 il

312 2597 451 2681 mondo,
481 2621 515 2666 se
545 2599 600 2686 poi
622 2598 651 2665 la
674 2621 741 2665 non
764 2599 883 2666 facesse
905 2611 988 2668 tutto
1012 2599 1117 2689 quello
1146 2599 1205 2667 che
1233 2623 1288 2688 per
1310 2601 1419 2667 venire
1443 2623 1460 2666 a
1483 2602 1508 2666 sl
1535 2598 1680 2687 glorioso

314 2705 423 2774 effetto
447 2705 492 2770 sia
516 2705 706 2786 necessario
731 2723 762 2772 et
785 2727 841 2792 per
863 2717 953 2773 tanto
978 2706 1100 2773 habiam
1124 2705 1235 2774 voluto
1251 2707 1394 2773 rimetter
1417 2704 1438 2772 il
1460 2717 1545 2773 tutto
1568 2705 1596 2772 al
1613 2706 1680 2792 giu-

313 2811 397 2880 dicio
422 2822 454 2878 et
477 2809 703 2878 deliberatione
726 2810 757 2878 di
781 2811 892 2900 quella,
916 2810 1102 2899 aspettando
1125 2813 1270 2900 risposta,
1294 2811 1322 2879 la
1345 2810 1417 2901 qual
1433 2812 1472 2879 V.
1490 2811 1535 2878 M.
1557 2813 1583 2877 si
1607 2810 1682 2898 deg-

313 2919 388 2985 nara
411 2917 494 2985 darci
517 2927 620 2999 tosto,
652 2929 682 2984 et
705 2916 733 2983 la
756 2919 953 3006 preghiarno,
978 2919 1036 2985 che
1060 2918 1165 3006 voglia
1192 2930 1283 2986 tener
1306 2929 1415 3006 questa
1438 2929 1548 2985 nostra
1569 2916 1681 2985 lettera

313 3034 444 3105 secreta,
469 3034 500 3090 et
523 3023 625 3112 questi
648 3025 748 3090 nostri
772 3025 973 3112 pensamenti
997 3022 1112 3091 occulti
1135 3025 1188 3112 pila
1212 3025 1271 3091 che
1294 3027 1320 3091 si
1343 3028 1443 3113 potra.

421 3130 484 3196 Dio
513 3130 753 3216 omnipotente,
780 3127 881 3217 figliol
909 3130 1099 3212 Carissimo,
1133 3129 1241 3218 guardi
1270 3143 1301 3197 et
1329 3131 1474 3198 conservi
1505 3130 1544 3196 V.
1576 3130 1621 3196 M.
1651 3139 1683 3196 et

315 3234 402 3323 guidi
425 3235 446 3302 li
470 3236 570 3302 nostri
594 3247 627 3302 et
647 3237 717 3302 suoi
741 3237 822 3303 santi
848 3235 971 3325 disegni
993 3235 1023 3302 al
1046 3235 1224 3304 desiderato
1247 3235 1321 3304 fine.
