3782 5532
167 337 309 410 1529ms.
1158 305 1160 313 “
1489 326 1528 387 91

265 497 360 566 Dove
382 522 426 565 m.
451 497 625 564 Francesco
648 497 770 584 rispose
797 519 853 584 per
875 495 903 562 la
927 520 981 563 sua
1005 514 1092 584 parte
1116 495 1477 580 accommodatamente,
1501 511 1533 566 et

162 603 247 692 dopo
262 603 306 670 lui
330 604 351 671 il
374 605 440 671 mio
465 605 644 684 secretario,
668 601 873 670 sentendomi
896 613 985 670 tanto
1004 625 1144 690 gravare,
1169 601 1266 670 disse:
1292 602 1384 670 Sacra
1401 604 1531 686 Maesta,

162 711 191 777 io
214 711 333 797 reggio
357 711 389 776 in
413 720 522 799 questa
545 709 670 798 querela
694 706 755 774 due
779 711 847 796 capi
871 709 1040 797 pertinenti
1063 707 1091 775 al
1113 721 1226 797 patron
1249 710 1332 776 mio:
1360 708 1448 776 l'uno
1473 709 1530 776 che

161 817 191 882 in
213 839 314 882 nome
338 815 369 882 di
393 817 455 883 Sua
477 815 597 883 Santita
619 813 728 881 habbia
751 837 920 902 promesso
943 814 1001 880 alla
1023 815 1143 881 Maesta
1161 814 1278 880 Vostra
1300 825 1410 903 questa
1433 813 1531 902 pleni·

160 919 278 1003 tudine,
303 920 415 1003 l’altro‚
444 920 503 987 che
526 919 637 987 habbia
659 921 789 1007 scripto,
818 921 877 987 che
900 943 968 987 non
992 919 1031 986 ha
1055 919 1129 987 dato
1153 944 1170 986 a
1193 921 1235 988 V.
1258 921 1303 986 M.
1328 943 1362 988 se
1390 943 1457 987 non
1480 944 1532 1009 pa·

160 1026 240 1109 tole,
266 1050 328 1094 ove
356 1049 423 1094 non
446 1028 491 1093 sia
514 1037 635 1094 attacco
660 1037 692 1093 et
714 1048 808 1113 super
835 1024 1033 1114 generalibus
1057 1045 1117 1094 etc.
1165 1025 1204 1093 Al
1227 1027 1331 1114 primo
1360 1025 1444 1108 dico,
1473 1026 1531 1094 che

161 1155 224 1199 non
253 1155 292 1199 so
316 1131 433 1221 quell0,
461 1131 520 1198 che
543 1131 574 1198 S.
599 1130 630 1198 S.
655 1131 744 1200 Rma.
773 1143 984 1219 promettesse
1012 1156 1029 1199 a
1052 1133 1093 1200 V.
1117 1132 1162 1198 M.
1187 1133 1219 1198 in
1248 1133 1404 1219 presentia
1433 1132 1464 1198 di
1488 1157 1531 1200 m.

160 1240 346 1320 Francesm,
375 1237 509 1306 maella
535 1261 576 1304 ne
600 1236 675 1304 dara
702 1260 828 1326 sempre
856 1237 942 1304 buon
973 1248 1071 1305 conto
1101 1248 1172 1304 eta
1195 1237 1237 1304 N.
1262 1236 1397 1324 Signore
1421 1248 1453 1304 et
1475 1236 1532 1304 alla

159 1345 280 1412 Maestt
296 1346 424 1412 Vostra.
463 1343 502 1410 ΑΙ
526 1343 669 1412 secondo
694 1343 752 1412 che
777 1342 887 1411 habbia
910 1343 984 1412 dato
1001 1342 1108 1431 parole
1132 1354 1163 1411 et
1185 1342 1325 1430 generali
1349 1353 1380 1410 et
1403 1355 1540 1411 trattato·

160 1475 218 1520 con
244 1452 286 1516 V.
311 1451 356 1517 M.
385 1450 666 1532 malitiosameute,
696 1461 810 1539 questo
834 1473 901 1516 non
930 1451 956 1516 si
978 1451 1104 1517 trovarl
1126 1449 1204 1531 mai,
1233 1448 1292 1515 che
1316 1445 1426 1516 habbia
1453 1448 1531 1516 fatto

160 1579 179 1622 o
201 1558 333 1644 scripto,
362 1560 404 1624 ne
426 1555 470 1623 lui
493 1560 511 1624 ὲ
534 1555 566 1623 di
588 1555 630 1624 tal
657 1567 758 1637 sorte,
787 1579 838 1622 ma
862 1555 986 1623 huomo
1016 1554 1115 1622 libero
1140 1566 1171 1622 et
1194 1555 1319 1620 sincero
1343 1576 1406 1620 con
1430 1554 1450 1620 li
1479 1555 1532 1642 pili

159 1661 209 1728 vili
234 1663 380 1729 huomini
405 1661 462 1730 che
486 1663 588 1744 sieno,
612 1685 679 1728 non
698 1663 756 1729 che
780 1685 843 1730 con
868 1660 929 1730 tale
952 1664 1104 1750 principe,
1127 1661 1217 1751 quale
1242 1661 1316 1728 eV.
1334 1660 1390 1744 M,
1414 1671 1445 1728 et
1468 1682 1531 1727 con

159 1792 199 1834 un
216 1769 258 1835 tal
282 1767 414 1855 prelat0,
438 1767 528 1858 quale
553 1771 570 1834 ὲ
593 1766 614 1834 il
633 1768 729 1836 Rmo.
746 1767 956 1836 Eboracense.
995 1769 1033 1836 Et
1050 1767 1187 1836 essendo
1204 1779 1313 1857 questa
1329 1790 1404 1834 cosa
1424 1759 1533 1834 diffesa

158 1872 437 1962 gagliardamente,
460 1872 653 1960 produssero
678 1873 706 1940 le
730 1873 839 1942 lettere
863 1873 914 1941 del
935 1874 992 1941 Dr.
1010 1873 1173 1962 Stephano
1196 1884 1229 1940 et
1250 1872 1378 1940 volsero
1401 1874 1532 1940 recitare

159 1978 185 2046 le
209 1979 319 2067 parole
342 1977 533 2062 medesime;
562 1979 621 2047 che
649 1978 670 2046 li
693 1981 812 2047 oratori
840 1980 1004 2048 havevano
1027 1981 1103 2048 lette
1132 1978 1213 2047 nella
1236 1980 1299 2046 mia
1326 1978 1451 2061 lettera,
1479 2002 1532 2046 ma

159 2108 252 2152 come
280 2085 324 2152 ho
348 2083 437 2152 detto
462 2107 559 2152 erano
587 2086 620 2150 in
644 2085 785 2173 lnglese3
818 2087 896 2173 perd
920 2087 946 2152 si
974 2085 1098 2167 diceva,
1128 2085 1185 2152 che
1214 2107 1281 2153 non
1305 2087 1336 2152 vi
1363 2086 1389 2152 si
1416 2103 1533 2173 poteva

158 2189 219 2260 ben
242 2189 379 2258 fermare
402 2213 506 2278 sopra,
534 2190 650 2279 perche
674 2195 692 2259 ὲ
715 2189 895 2274 verisimile,
920 2191 978 2259 che
1001 2193 1032 2258 vi
1055 2190 1139 2259 fusse
1162 2190 1338 2258 differentia
1362 2203 1393 2259 et
1416 2191 1533 2259 varietd

159 2296 230 2363 nell'
256 2298 443 2384 interpretat
467 2299 546 2363 costl
569 2295 598 2364 le
622 2309 731 2364 nostre
755 2315 786 2364 et
809 2315 920 2386 queste
942 2299 1012 2387 qui,
1036 2317 1068 2365 et
1090 2309 1180 2365 tanto
1204 2297 1385 2384 maggiore,
1412 2308 1532 2385 quanto

159 2404 185 2470 ci
208 2401 294 2469 fusse
317 2403 372 2490 pib
394 2403 559 2490 passione;
588 2425 665 2490 pure
688 2402 853 2470 andarono
877 2421 965 2470 tauto
990 2402 1157 2486 cercando,
1182 2403 1241 2470 che
1263 2414 1449 2484 trovarono,
1473 2401 1532 2470 che

159 2507 239 2575 nella
264 2509 328 2575 mia
343 2507 452 2576 lettera
476 2531 539 2589 era,
563 2507 621 2575 che
637 2510 692 2575 noi
716 2529 783 2575 non
799 2509 975 2576 havevamo
992 2527 1116 2597 passato
1140 2508 1161 2576 li
1176 2509 1315 2590 termini,
1340 2520 1371 2576 et
1386 2531 1404 2577 a
1419 2518 1532 2597 questo

159 2613 242 2682 disse
264 2614 288 2680 il
310 2615 378 2680 mio
401 2616 586 2681 secretario:
610 2612 635 2680 Il
658 2638 725 2681 non
742 2614 895 2682 excedere
918 2614 938 2681 li
961 2617 1088 2683 termini
1112 2639 1179 2682 non
1194 2614 1266 2682 solo
1289 2637 1357 2682 non
1374 2617 1392 2681 e
1412 2615 1533 2681 crimen

159 2718 259 2787 laesae
283 2721 464 2804 maiestatis,
488 2743 541 2786 ma
564 2724 582 2787 e
605 2718 713 2788 officio
737 2740 768 2788 et
792 2720 898 2788 debito
923 2720 954 2788 di
978 2721 1029 2788 chi
1051 2720 1146 2788 vuole
1169 2721 1299 2807 exeguir
1321 2718 1402 2786 bene
1425 2717 1530 2808 quello

160 2826 218 2892 che
245 2825 289 2914 gli
319 2829 336 2893 e
365 2847 559 2894 commesso.
605 2828 634 2892 A
664 2825 723 2894 che
752 2825 872 2894 dissero
901 2827 960 2895 che
987 2825 1167 2896 facilmente
1196 2824 1384 2907 credevano,
1413 2825 1471 2892 che
1499 2825 1531 2890 in

160 2955 213 2997 me
235 2931 321 2998 fusse
343 2931 429 2998 buon
453 2933 561 2998 animo
586 2951 617 2999 et
641 2931 699 3000 che
723 2933 755 2998 io
779 2931 855 3000 fussi
878 2932 966 3001 buon
989 2933 1093 3002 amico
1116 2956 1134 2999 a
1157 2931 1189 2999 S.
1209 2932 1265 3014 M,
1290 2935 1330 2999 ne
1354 2930 1531 2998 credevano

161 3037 219 3104 che
242 3039 273 3105 io
291 3036 414 3104 havessi
439 3039 556 3126 scripto
580 3037 683 3127 quelle
705 3036 814 3126 parole
830 3061 851 3106 o
868 3039 927 3106 che
950 3038 979 3106 le
1002 3037 1126 3107 havessi
1148 3039 1266 3126 scripto
1283 3061 1300 3104 a
1316 3036 1444 3125 miglior
1467 3035 1531 3104 fine

161 3161 191 3209 et
214 3143 404 3225 intentione,
428 3143 486 3210 che
510 3166 577 3210 non
601 3167 697 3212 erano
721 3145 941 3232 interpretate3
975 3162 1006 3211 et
1030 3144 1104 3226 che,
1127 3143 1205 3210 seli
1228 3144 1299 3211 suoi
1323 3143 1442 3210 oratori
1464 3165 1532 3209 non

160 3250 186 3314 si
208 3247 331 3316 l'ussero
347 3251 486 3338 opposti‚
508 3251 560 3337 gil
583 3249 706 3317 hareste
730 3261 880 3318 avvocata
904 3249 935 3317 di
956 3252 1009 3340 qui
1032 3247 1061 3316 la
1080 3273 1171 3316 causa
1194 3260 1225 3316 et
1247 3247 1368 3316 faltone
1392 3247 1420 3314 al
1435 3248 1531 3316 Rmo.

161 3353 358 3422 Eboracense
383 3373 413 3422 et
437 3378 453 3421 a
476 3379 529 3422 me
552 3367 641 3423 tanto
666 3357 780 3438 carico,
804 3368 835 3424 et
857 3366 947 3423 tanto
972 3355 1129 3443 oltraggio
1153 3354 1248 3421 alre.

264 3461 304 3528 Et
327 3461 379 3550 qui
402 3459 423 3526 il
447 3459 601 3528 cardinale
624 3463 650 3527 si
667 3461 782 3528 distese
805 3473 905 3544 tant0,
930 3461 988 3529 che
1012 3484 1079 3528 non
1103 3462 1128 3528 si
1145 3459 1297 3548 potrebbe
1320 3457 1398 3541 dite,
1422 3456 1532 3524 dolen-

162 3563 230 3632 dosi
254 3566 285 3632 di
308 3565 370 3632 Sua
393 3565 523 3648 Santitl,
548 3566 606 3633 che
629 3585 755 3635 tetresse
778 3590 862 3655 poco
887 3585 986 3634 conto
1010 3566 1061 3634 del
1083 3588 1133 3648 re,
1161 3565 1213 3633 del
1234 3586 1336 3652 regno
1361 3583 1392 3631 et
1416 3586 1531 3630 manco

162 3671 192 3738 di
215 3672 258 3739 lui
281 3682 314 3739 et
336 3670 415 3739 della
438 3673 501 3740 vita
524 3696 579 3739 sua
586 3700 596 3756 ;
629 3695 681 3740 ma
704 3673 762 3740 che
786 3696 949 3763 nunquam
974 3671 1096 3740 deseret
1121 3694 1246 3738 causam
1270 3673 1362 3738 istam
1387 3689 1417 3737 et
1440 3667 1533 3737 saciet

163 3789 192 3844 et
223 3776 308 3845 dicet
340 3800 412 3845 cum
446 3778 638 3867 principibus
670 3777 792 3868 quello,
827 3780 885 3846 che
920 3781 974 3868 poi
1009 3779 1063 3866 pib
1098 3775 1380 3845 commodamente
1414 3773 1533 3843 riferira

163 3906 203 3949 m.
227 3883 404 3951 Francesco
428 3907 446 3950 a
468 3883 577 3952 bocca.
623 3885 662 3952 Et
688 3885 805 3972 perche
832 3885 854 3950 it
882 3883 1037 3952 cardinale
1066 3882 1163 3952 multa
1191 3881 1340 3970 egerebat
1368 3883 1402 3948 in
1423 3880 1533 3949 volere

163 4011 314 4056 muovere
337 3988 464 4072 invidia,
488 3988 571 4057 dove
588 3989 698 4057 debbia
720 4009 870 4078 perpetua
887 3988 1088 4058 obhedientia
1110 4002 1142 4058 et
1157 3991 1285 4071 servitia,
1308 3988 1329 4055 il
1348 3990 1415 4056 mio
1431 4010 1533 4054 secre-

163 4096 239 4162 tario
255 4093 439 4162 finalmente
455 4118 472 4161 a
487 4107 574 4163 tante
589 4096 716 4185 querele
733 4114 763 4163 et
781 4096 933 4163 minaccie
949 4097 1071 4184 rispose
1087 4098 1168 4163 cosl:
1193 4095 1314 4162 Serme.
1331 4117 1386 4162 rex
1403 4105 1434 4162 et
1449 4095 1533 4160 Dne.

163 4201 263 4284 Rme,
286 4223 347 4269 vos
370 4199 489 4269 debetis
512 4200 722 4284 considerare,
747 4202 833 4292 quod
857 4203 958 4269 Dnus.
982 4225 1073 4270 meus
1090 4203 1199 4270 Rmus.
1224 4201 1275 4268 hic
1300 4212 1347 4268 est
1368 4199 1451 4288 apud
1474 4223 1533 4266 vos

164 4306 365 4396 Apostolicae
381 4306 471 4374 Sedis
494 4308 624 4396 legatus,
649 4307 822 4390 cardinalis,
847 4303 954 4389 iudex,¹
973 4309 1108 4376 servitor
1124 4326 1156 4375 et
1171 4308 1291 4374 amicus
1306 4306 1478 4374 Maiestatis
1502 4315 1534 4372 et

166 4411 271 4481 Rmae.
287 4412 528 4481 Dominationis
543 4415 686 4496 Vestrae,
711 4425 743 4482 et
758 4412 844 4502 quod
865 4413 957 4481 nullis
973 4413 1075 4481 verbis
1091 4425 1143 4482 aut
1159 4412 1331 4480 rationibus
1347 4412 1464 4500 poterit
1480 4410 1534 4478 de-

165 4516 232 4586 duci
256 4519 294 4586 ab
311 4515 418 4586 officio
435 4519 540 4607 legati,
563 4519 639 4588 boni
657 4519 829 4602 cardinalis,
853 4518 963 4587 iudicis
985 4539 1079 4609 atque
1094 4521 1187 4588 amici
1203 4532 1235 4586 et
1250 4519 1411 4587 servitoris
1425 4519 1533 4599 vestri,

165 4627 252 4691 acin
275 4625 324 4692 his
349 4625 498 4692 omnibus
528 4645 560 4694 et
583 4625 665 4714 apud
695 4627 800 4714 ipsum
822 4648 948 4714 semper
971 4627 1096 4714 potiora
1120 4637 1211 4692 erunt
1235 4636 1266 4692 et
1288 4636 1533 4712 praeponentur,

166 4753 297 4819 quorum
326 4732 406 4799 ratio
436 4744 468 4799 et
491 4755 582 4799 causa
606 4731 672 4798 aliis
703 4729 849 4798 anteferri
879 4729 995 4798 decens
1024 4729 1127 4798 fuerit.
1173 4731 1214 4797 Se
1238 4729 1300 4797 Sua
1323 4729 1442 4796 Santitb
1465 4753 1533 4820 non

167 4839 325 4926 complace
358 4837 386 4904 la
416 4837 537 4906 Maesta
560 4839 692 4919 Vostra,
726 4861 760 4904 se
789 4861 831 4904 ne
863 4861 968 4919 seusa,
1000 4836 1117 4926 perche
1149 4859 1217 4903 non
1251 4839 1268 4903 ὲ
1299 4834 1330 4902 di
1362 4837 1478 4904 iustitia
1502 4850 1533 4904 et

167 4943 290 5011 sarebbe
317 4945 350 5010 in
377 4944 602 5032 praeiudicium
631 4945 724 5012 tertii.
769 4944 808 5012 Et
830 4945 1012 5032 risposon0,
1041 4945 1100 5011 che
1128 4966 1194 5011 non
1226 4955 1315 5011 erant
1342 4943 1375 5010 in
1405 4943 1532 5011 alicuius
