3850 5534
358 256 377 318 2
1551 219 1554 225 Ι
1581 265 1631 340 Juli
1652 284 1728 340 1527.

357 425 590 496 nobilissimum
614 427 733 496 Christi
755 428 943 516 sanguinem
968 440 999 523 et
1021 427 1285 520 pretiosissimum
1310 449 1424 516 corpus
1447 449 1504 516 per
1526 427 1672 496 iniuriam
1696 448 1728 497 et

357 547 577 624 contemptum
602 533 791 616 effuderunt,
815 558 895 624 quae
912 546 998 604 certe
1015 547 1079 604 tam
1102 535 1208 622 gravia
1232 545 1264 602 et
1280 557 1347 601 non
1371 533 1500 602 ferenda
1519 534 1599 602 mala
1623 533 1725 602 adsui

355 643 590 710 restitutionem
614 639 801 708 christianos
825 664 939 708 omnes
963 639 1083 708 nedum
1106 640 1265 728 principes
1280 643 1478 728 permovisse
1494 639 1621 708 debent.
1657 641 1726 708 Nos

355 771 433 816 vero
457 746 554 815 officii
577 749 679 814 nostri
702 769 864 815 memores
894 759 925 814 et
954 747 1034 814 tituli
1057 744 1134 814 fidei
1156 745 1332 814 defensoris
1363 769 1430 812 non
1459 745 1547 814 obliti
1574 759 1725 814 statutum

355 874 545 943 motumque
569 852 721 920 habemus
745 852 870 944 (quoad
892 852 960 922 fieri
983 876 1039 941 per
1063 876 1123 920 nos
1147 851 1286 942 potest),
1318 863 1446 920 nostrae
1473 853 1635 919 vocationi
1662 875 1726 921 res-

354 959 508 1049 pondere,
532 960 604 1026 huic
621 958 777 1048 procellae
793 983 985 1042 succurrere,
1009 959 1086 1026 nihil
1102 981 1170 1026 non
1186 957 1299 1042 facere,
1324 981 1438 1026 omnes
1459 970 1581 1026 tentare
1598 957 1726 1042 modos,

355 1089 469 1133 omnes
494 1067 626 1154 experiri
648 1066 715 1133 vias
738 1065 776 1132 ad
799 1067 987 1154 sanguinem
1012 1088 1110 1154 usque
1126 1076 1284 1148 nostrum,
1307 1063 1420 1154 quibus
1442 1063 1561 1153 lapsam
1585 1064 1616 1132 S.
1634 1065 1672 1134 R.
1688 1065 1723 1132 E.

355 1170 542 1260 dignitatem
565 1172 688 1258 integre
712 1173 871 1254 resarcire,
896 1172 989 1260 capiti
1012 1172 1240 1260 communique
1256 1173 1377 1259 parenti
1392 1169 1569 1240 libertatem
1585 1194 1725 1240 asserere

355 1289 387 1344 et
420 1277 550 1345 Christo
582 1277 678 1345 illatas
707 1278 835 1344 iniurias
863 1299 1006 1365 reparare
1035 1277 1204 1365 possimus.
1259 1276 1424 1357 Quoniam
1453 1288 1559 1344 autem
1589 1300 1648 1364 pro
1678 1301 1725 1360 ea,

353 1406 448 1473 quam
480 1381 629 1452 obtinetis
660 1383 863 1471 dignitatem,
898 1383 1023 1451 Rmam.
1057 1384 1324 1450 Dominationem
1357 1382 1505 1450 Vestram
1539 1402 1725 1473 ceterosque

354 1512 430 1557 suos
454 1488 638 1572 confratres,
662 1511 744 1579 quos
768 1488 873 1558 divina
896 1489 1112 1556 misericordia
1135 1511 1152 1556 a
1175 1500 1239 1556 tam
1263 1489 1362 1556 atroci
1391 1489 1567 1577 captivitate
1598 1501 1724 1557 sanctae

354 1596 519 1664 Romanae
536 1594 804 1685 Apostolicaeque
821 1594 894 1662 Sedi
913 1597 1055 1683 integros
1077 1596 1257 1677 reservavit,
1286 1606 1317 1662 et
1339 1617 1477 1684 quorum
1501 1595 1657 1684 imprimis
1679 1597 1726 1662 in-

353 1713 496 1784 teresset,
518 1713 608 1770 tanto
632 1701 717 1768 malo
740 1702 773 1768 in
797 1713 943 1789 tempore
967 1700 1098 1783 mederi,
1122 1702 1203 1789 paris
1227 1701 1325 1766 animi
1347 1698 1468 1768 ardoris
1491 1724 1526 1768 ac
1553 1700 1725 1769 voluntatis

355 1831 424 1877 esse
448 1831 515 1875 non
538 1806 739 1895 ambigimus,
763 1831 914 1895 magnam
937 1805 1149 1875 restituendae
1178 1807 1223 1874 rei
1251 1829 1342 1894 spem
1370 1805 1582 1896 fiduciamque
1610 1830 1725 1875 conce

353 1915 467 2002 pimus.
514 1914 616 1981 Huius
638 1915 733 2001 igitur
762 1925 828 1980 tam
857 1915 1024 1980 necessarii
1054 1914 1159 2002 operis
1187 1913 1286 2001 gratia
1309 1911 1438 1980 Rmum.
1462 1931 1556 2002 atque
1587 1913 1724 1981 Illmnm.

354 2021 533 2086 Dominum
565 2019 754 2087 cardinalem
786 2018 1037 2101 Eboracensem,
1069 2031 1195 2086 sanctae
1217 2017 1423 2106 Apostolicae
1446 2017 1536 2086 Sedis
1560 2017 1599 2086 de
1629 2018 1725 2087 latere

353 2125 510 2214 legatum,
538 2124 852 2194 observantissimum
881 2127 976 2193 vestri
1004 2138 1132 2192 senatus
1162 2123 1343 2192 membrum
1367 2137 1576 2214 nostrumque
1603 2124 1725 2194 locum·

334 2313 337 2318 .
353 2242 518 2299 tenentem
534 2229 629 2328 etde
646 2254 709 2319 quo
734 2255 801 2298 uon
825 2232 913 2299 aliter
928 2255 1022 2320 quam
1047 2230 1086 2299 de
1111 2231 1203 2297 nobis
1226 2232 1301 2318 ipsis
1320 2230 1502 2318 plenissime
1521 2229 1723 2316 confidimus,

354 2336 394 2406 ad
409 2338 713 2405 Christianissimum
738 2336 903 2405 Gallorum
927 2359 1037 2424 regem
1061 2336 1188 2405 fratrem
1205 2355 1350 2403 nostrum
1375 2339 1571 2405 carissimum
1592 2339 1726 2427 imprae-

353 2445 455 2511 sentia
478 2444 622 2510 misimus
645 2445 676 2509 in
694 2441 913 2533 mandatisque
929 2441 1085 2525 dedimus,
1109 2460 1143 2509 ut
1166 2442 1205 2511 ad
1223 2465 1296 2509 eum
1313 2441 1420 2510 locum
1438 2466 1515 2509 mox
1534 2466 1568 2509 se
1584 2445 1723 2532 recipiat,

355 2548 407 2617 ubi
431 2549 471 2617 de
494 2571 528 2616 re
550 2561 637 2618 tanta
661 2548 864 2617 commodius
893 2549 1016 2617 consuli
1043 2550 1229 2638 tractarique
1257 2549 1367 2637 possit.
1414 2549 1563 2616 Vestram
1590 2547 1725 2637 proinde

355 2655 481 2724 Rmam.
509 2655 775 2724 Dominationem
804 2678 957 2743 rogamus
985 2674 1017 2722 et
1045 2655 1256 2736 obtestamur,
1285 2665 1319 2721 ut
1348 2652 1387 2721 ad
1417 2677 1491 2721 eum
1519 2653 1642 2738 locum,
1671 2657 1725 2744 qui

356 2761 453 2830 veluti
482 2760 687 2829 commodior
715 2761 932 2848 assignabitur,
963 2762 1135 2828 convenire
1164 2761 1238 2828 velit
1270 2779 1302 2828 et
1335 2783 1444 2827 causae
1477 2759 1550 2828 huic
1579 2763 1726 2828 omnium

356 2868 559 2955 gravissimae
582 2865 707 2933 labores
730 2888 844 2934 omnes
868 2867 1073 2954 posthabere,
1102 2890 1166 2956 qno
1192 2889 1349 2934 unacum
1374 2865 1489 2935 eodem
1516 2867 1611 2935 Rmo.
1634 2867 1725 2948 Duo.

354 2973 460 3060 legato
484 2973 623 3062 aliisque,
647 2973 700 3061 qui
724 2972 785 3040 illic
808 2973 951 3055 aderunt,
975 2972 1182 3040 confratribus
1206 2973 1373 3040 communi
1396 2970 1531 3039 consilio
1547 2995 1606 3060 pro
1627 2973 1723 3040 Sanc-

354 3080 467 3146 tissimi
490 3079 532 3145 D.
556 3078 597 3146 N.
620 3077 804 3146 liberatione
834 3091 865 3147 et
892 3102 951 3167 pro
980 3091 1046 3147 tam
1069 3080 1170 3146 saevis
1198 3077 1377 3145 avertendis
1404 3078 1495 3144 malis
1523 3077 1574 3144 ille
1601 3078 1725 3146 ineatur

267 3187 273 3201 '
355 3183 483 3266 modus,
505 3185 559 3273 qui
582 3182 758 3272 expeditior
782 3196 813 3251 et
837 3184 1065 3252 conducibilior
1087 3184 1180 3252 fuerit
1202 3183 1334 3252 habitus.
1381 3182 1546 3272 Quidquid
1569 3206 1725 3250 veronna

356 3313 429 3357 cum
452 3289 506 3356 illo
529 3309 642 3357 nostro
666 3292 800 3358 nomine
822 3302 985 3373 statuetur,
1012 3302 1137 3378 gratum
1161 3304 1192 3358 et
1218 3302 1322 3358 ratum
1344 3289 1544 3373 habebimus,
1575 3310 1607 3358 et
1633 3292 1726 3358 omui

356 3408 465 3465 nostra
495 3397 703 3479 authoritate,
738 3418 834 3485 opera
864 3421 899 3464 ac
930 3387 1047 3465 viribus
1078 3417 1235 3487 praestare
1272 3396 1468 3464 conabimur.
1520 3397 1560 3464 Et
1594 3396 1726 3465 feliciter

355 3501 467 3570 valete.

460 3607 506 3674 Ex
528 3607 615 3693 regia
638 3620 746 3675 nostra
770 3607 955 3697 Wyndsore
979 3608 1029 3676 die
1058 3630 1106 3676 10.
1129 3609 1200 3695 Julii
1229 3629 1321 3696 1527.

1024 3733 1140 3801 Vester
1162 3732 1266 3800 bonus
1289 3735 1408 3800 amicus

1120 3839 1286 3908 Heuricus.

1341 3943 1453 4013 Petrus
1477 3945 1617 4012 Vannes.

565 4101 645 4155 Arch.
664 4099 749 4155 Vatic.
769 4101 892 4156 Instrum.
917 4101 1095 4157 miscellanea.
1124 4103 1198 4158 Arm.
1223 4103 1268 4158 Xl.
1288 4119 1359 4173 caps.
1386 4119 1408 4171 1,
1433 4121 1458 4158 n.
1483 4117 1542 4174 203.
1580 4101 1656 4173 Orlg.
1680 4101 1723 4156 lat.

458 4189 545 4260 Perg,
565 4187 704 4242 mehrlach
729 4187 923 4246 durchfressen.
961 4188 1103 4257 Gedrucht,
1130 4191 1177 4244 mit
1201 4188 1289 4244 vielen
1312 4189 1427 4258 deken,
1452 4191 1494 4244 bei
1518 4190 1643 4258 Theiner,
1662 4191 1724 4245 Vet.

459 4276 532 4331 Mon.
551 4276 610 4330 Hib.
634 4285 661 4330 et
684 4275 756 4332 Scot.
781 4295 807 4348 p.
834 4278 891 4346 558,
915 4295 941 4332 u.
965 4280 1025 4349 989,
1050 4277 1153 4332 danach
1176 4279 1300 4332 Abdruclr
1329 4279 1372 4332 bei
1400 4279 1520 4347 Pococlc‚
1547 4279 1667 4334 Records
1695 4278 1729 4333 of

456 4365 502 4420 the
526 4365 645 4420 Reform.
683 4365 743 4419 The
766 4365 874 4420 divorce
897 4366 930 4420 ll.
954 4366 1023 4438 App.
1048 4384 1073 4438 p.
1100 4381 1157 4439 579,
1181 4368 1229 4421 mit
1249 4368 1356 4438 einigeu
1375 4368 1571 4439 Konjehturen,
1590 4368 1632 4422 die
1651 4369 1724 4434 aber,

459 4453 532 4508 ohne
551 4453 669 4507 Einsicht
689 4454 736 4508 des
750 4452 893 4524 Originals,
912 4454 986 4508 nicht
1004 4455 1100 4508 immer
1118 4455 1164 4508 das
1176 4455 1301 4528 Richtige
1318 4455 1414 4509 treffen
1432 4455 1559 4511 honnten.
1596 4457 1636 4510 Im
1655 4457 1724 4512 Vor-

458 4541 606 4596 stehenden
625 4542 659 4594 ist
684 4543 730 4595 der
749 4541 827 4606 Text,
853 4543 922 4596 nach
946 4542 1117 4614 sorgfaltiger
1142 4543 1343 4615 Vergleichung
1366 4543 1413 4598 des
1442 4543 1586 4616 Originals,
1614 4551 1724 4617 ergtnzt

456 4629 525 4684 nach
551 4631 639 4684 einern
659 4629 823 4702 vollstalndig
835 4629 1066 4702 gleichlautenden
1081 4631 1226 4684 Schreiben
1245 4631 1384 4686 Heinrichs
1398 4633 1469 4688 Vlll.
1483 4651 1516 4688 an
1534 4633 1586 4688 den
1598 4634 1725 4688 Kardinal

457 4717 534 4786 Cibo,
554 4717 600 4772 das
619 4719 646 4772 in
659 4735 777 4789 genauer
789 4719 967 4773 italienischer
980 4711 1167 4790 Ubersetzung
1186 4721 1228 4773 bei
1241 4719 1330 4790 Jeron.
1344 4720 1469 4791 Ruscelli,
1489 4721 1596 4777 Lettere
1610 4721 1635 4776 di
1648 4723 1724 4776 Prin·

456 4807 508 4878 cipi
525 4807 558 4861 ll.
578 4805 713 4877 (Venedlg
732 4810 810 4876 1575)
830 4822 894 4877 232,
913 4807 1041 4879 gedruckt
1060 4808 1102 4862 ist.
1139 4808 1195 4862 Der
1212 4808 1466 4882 Rbclrbbersetzung
1489 4810 1572 4868 durch
1590 4810 1724 4868 Oldoinus

455 4891 613 4964 (Ciaconius
631 4894 677 4950 lll.
696 4893 759 4966 467)
778 4895 843 4967 liegt
862 4895 988 4967 lediglich
1014 4897 1101 4950 dieser
1124 4897 1288 4952 italienische
1308 4898 1384 4960 Text
1395 4918 1427 4953 zu
1446 4899 1564 4956 Grunde.
