3842 5532
189 347 259 401 Eelix
280 365 332 401 von
352 348 432 402 Prato
451 347 515 402 t'tber
533 348 575 401 die
596 348 689 418 papstl.
709 349 933 419 Dispensgewalt.
1494 339 1556 401 245

189 508 332 576 continet
356 508 622 594 consanguineos,
654 530 716 574 una
741 509 827 575 enim
850 522 924 577 sunt
948 532 1031 576 caro.
1080 507 1168 592 Quid
1197 507 1236 576 de
1261 508 1398 578 duorum
1428 510 1557 580 fratrum

189 611 269 696 filiis,
294 637 381 681 mare
404 612 551 682 videlicet
574 626 604 681 et
628 612 760 698 femina,
791 627 822 683 et
845 614 945 684 fratris
974 615 1036 683 filia
1065 640 1137 684 curn
1162 628 1289 705 patru0,
1320 639 1456 706 quorum
1480 641 1558 686 con-

189 721 275 808 iugio
299 721 346 788 ius
369 719 451 787 favet
475 719 639 787 divinum?
662 719 770 788 Plures
794 733 899 789 autem
923 724 1063 811 accipere
1081 745 1205 804 uxores,
1231 745 1340 790 usurae
1362 735 1468 791 actum
1485 747 1557 791 curn

189 828 301 914 quovis
326 849 482 908 exercere,
507 826 617 894 odium
641 828 845 895 inimicorum
861 824 963 918 'atque
995 841 1097 896 cetera
1126 831 1192 896 eius
1222 826 1416 896 conditionis
1439 828 1558 898 Christi

188 932 310 1019 religi0,
335 955 412 1023 quae
430 931 652 1000 omnimodam
668 933 867 1022 amplectitur
883 934 1124 1023 perfectionem,
1147 935 1271 1002 donans
1287 935 1406 1001 maiora
1423 936 1558 1003 iustitiae

189 1050 352 1125 praecepta
377 1037 562 1106 Christianis
591 1038 767 1107 secundum
795 1059 980 1129 temporum
1009 1038 1235 1122 differentiam,
1264 1041 1399 1107 omnino
1428 1042 1557 1130 respuit,

188 1167 266 1233 quae
289 1157 397 1212 tamen
421 1156 511 1213 vetus
535 1143 597 1234 (uti
621 1145 737 1233 ignavo
761 1145 886 1236 pecori)
910 1145 1032 1215 ludaeis
1058 1145 1209 1234 praebens
1238 1145 1385 1215 mandata
1408 1147 1557 1215 concedit

187 1263 424 1320 testamentum.

294 1375 511 1444 Concedimus
535 1375 675 1459 tandem,
698 1396 901 1467 praeceptum
924 1378 1056 1446 Levitici
1079 1377 1199 1446 morale
1224 1403 1292 1446 esse
1317 1376 1391 1467 (etsi
1408 1377 1502 1468 aliqui
1518 1377 1557 1445 de

189 1505 324 1550 numero
346 1481 452 1550 dicant
475 1481 695 1572 iudicialium),
720 1484 775 1551 sed
798 1483 1054 1572 intelligendum:
1079 1485 1206 1552 vivente
1230 1483 1323 1552 fratre
1339 1483 1390 1552 vel
1406 1483 1557 1552 defuncto

188 1591 355 1678 superstite
378 1588 477 1677 prole,
501 1589 694 1678 reprimendi
721 1601 797 1658 tunc
825 1593 979 1679 temporis
1010 1590 1256 1659 cohabitantium
1286 1592 1372 1679 pravi
1401 1591 1556 1680 appetitus

188 1718 290 1763 causa.
328 1697 509 1763 Annuimus
533 1697 704 1784 coniugem
728 1721 823 1764 unam
840 1721 909 1765 esse
933 1721 1060 1765 carnem
1085 1721 1158 1764 cum
1173 1699 1254 1779 viro,
1279 1719 1378 1765 unum
1401 1698 1556 1786 spiritum,

188 1826 288 1869 unum
317 1824 432 1890 corpus
461 1813 596 1890 utroque
627 1824 741 1870 eorum
763 1805 890 1871 vivente
918 1823 1012 1893 atque
1035 1805 1139 1871 verius
1162 1804 1195 1871 in
1219 1805 1331 1885 tertio,
1360 1803 1424 1870 hoc
1453 1815 1501 1871 est
1524 1803 1556 1869 in

188 1906 269 1992 filio;
294 1927 325 1976 et
348 1909 375 1974 si
397 1932 460 1975 una
482 1921 555 1998 post
578 1907 704 1976 alterius
729 1908 862 1992 obitum,
886 1908 970 1976 nulla
993 1911 1161 1999 superstite
1183 1909 1284 1998 prole,
1307 1910 1471 1977 verissime
1494 1909 1558 1976 sint

189 2037 272 2098 caro,
298 2016 404 2082 omnis
427 2014 514 2082 abest
536 2015 756 2104 reprimendae
780 2017 1055 2104 concupiscentiae
1079 2039 1182 2099 causa,
1206 2017 1316 2105 iusque
1340 2014 1499 2098 divinum,
1524 2027 1558 2083 ut

188 2119 295 2208 liquet,
319 2119 480 2208 prohibuit
503 2121 646 2188 mininie.
693 2121 762 2188 Nec
779 2121 928 2208 Gregorii
944 2120 1057 2188 verba¹
1080 2135 1165 2189 recte
1182 2121 1389 2202 considerata,
1414 2120 1464 2188 vel
1480 2144 1557 2188 con·

189 2225 333 2294 ciliorum
357 2225 406 2293 vel
430 2225 564 2293 aliorum
588 2225 781 2295 Pontificum
806 2251 860 2294 seu
885 2227 1066 2296 Doctorum
1086 2227 1242 2296 Ecclesiae
1267 2240 1378 2296 contra
1398 2227 1478 2295 hanc
1497 2227 1556 2293 mi·

187 2331 276 2401 litant
300 2333 501 2400 sententiam.
548 2333 678 2420 Negant
702 2356 777 2400 sane
801 2336 1070 2423 propinquitatem
1095 2336 1231 2402 omnino
1256 2335 1442 2415 extinctam,
1471 2331 1559 2424 quod

188 2463 248 2507 nos
279 2463 352 2507 cunr
384 2441 428 2505 eis
462 2437 705 2506 concordamus.
758 2442 912 2508 Asserunt
943 2464 1038 2528 grave
1069 2459 1232 2530 peccatum
1266 2463 1333 2508 esse
1365 2443 1558 2532 propinquas

188 2546 318 2627 ducere,
349 2543 437 2634 quod
465 2567 525 2610 nos
549 2567 615 2611 non
639 2544 815 2612 abnuimus.
869 2547 1034 2634 Respuunt
1057 2567 1236 2635 susceptam
1260 2546 1386 2614 alterius
1410 2547 1556 2615 sobolem

188 2652 291 2719 soboli
315 2651 438 2719 alterius
456 2649 605 2739 copulari,
630 2650 716 2739 quod
741 2674 801 2718 nos
818 2653 912 2719 etiam
936 2652 1132 2720 admittimus
1156 2676 1353 2743 omnemque
1374 2667 1556 2722 sanctorum

188 2757 365 2826 doctrinam
390 2757 422 2824 id
445 2759 571 2824 vivente
590 2757 660 2824 viro
684 2756 734 2824 vel
758 2756 907 2825 defuncto
932 2781 1007 2825 cnm
1030 2759 1119 2847 prole
1143 2760 1209 2827 iure
1232 2759 1426 2847 prohibitum
1450 2759 1558 2828 divino

188 2866 355 2931 asseruisse
380 2886 557 2930 censemus.
605 2863 786 2951 Opinamur
809 2864 967 2952 siquidem
991 2884 1022 2932 et
1042 2888 1116 2933 vere
1140 2865 1308 2948 credimus,
1332 2889 1435 2934 sacras
1452 2879 1558 2954 aperte

188 2969 355 3060 loquentes
379 2970 466 3058 ipsos
489 2968 680 3036 intellexisse
708 2971 885 3059 scripturas.
934 2971 1167 3055 Concedimus,
1199 2973 1360 3061 antiquam
1390 2985 1559 3041 consuetu·

188 3076 307 3157 dinem,
332 3073 468 3143 ducendi
492 3074 639 3143 videlicet
662 3099 796 3143 uxorem
827 3075 964 3144 defuncti
989 3075 1091 3145 fratris
1115 3079 1183 3145 sine
1207 3077 1312 3166 prole,
1340 3102 1358 3144 a
1382 3078 1560 3168 legislatore

188 3182 260 3250 Deo
285 3180 522 3264 confirmatam,
551 3205 619 3249 non
646 3193 754 3250 tamen
782 3195 986 3270 praeceptum
1015 3185 1154 3272 praecise
1179 3183 1289 3267 fuisse,
1318 3184 1375 3252 sed
1403 3187 1559 3253 causative

188 3299 401 3377 praeceptum,
425 3288 510 3355 iuxta
533 3290 673 3375 priorem
693 3286 971 3371 consuetudinem,
995 3289 1046 3357 vel
1062 3288 1101 3357 de
1117 3288 1307 3358 iudicialium
1325 3290 1394 3358 fore
1410 3314 1559 3372 numero,

188 3417 266 3484 quae
302 3395 335 3460 in
370 3416 457 3460 novo
488 3416 555 3460 non
587 3393 729 3482 obligant
762 3406 970 3477 testamento,
1010 3397 1069 3462 nisi
1104 3395 1141 3463 ab
1175 3395 1313 3464 Ecclesia
1351 3409 1558 3466 assumantur.

187 3500 339 3582 Quorum
371 3497 572 3567 confirmatio
604 3512 635 3567 et
664 3499 843 3588 abrogati0,
880 3514 1013 3589 urgente
1042 3525 1151 3584 causa,
1183 3500 1221 3568 ad
1250 3501 1419 3569 Summum
1448 3504 1559 3571 attinet

187 3606 387 3675 Pontificem.
435 3605 591 3686 Quamvis
621 3630 690 3673 eam
722 3606 1003 3691 consuetudinem,
1033 3633 1073 3676 ne
1103 3611 1287 3698 cuiusquam
1317 3608 1491 3676 haereditas
1520 3608 1559 3676 ad

187 3713 307 3781 alienos
328 3715 485 3794 transiret,
509 3712 733 3796 introductam,
757 3733 792 3781 ut
812 3713 980 3782 mulierum
1006 3716 1099 3783 etiam
1117 3714 1216 3803 fragili
1234 3714 1452 3783 consuleretur
1471 3716 1558 3783 sexui

189 3843 292 3910 neque
317 3817 433 3886 domus
456 3818 590 3887 familiae
614 3821 762 3907 perirent,
787 3843 892 3888 sacrae
915 3823 1048 3909 paginae
1071 3833 1228 3889 testentur
1250 3821 1354 3889 verba.

293 3940 511 4011 Concedimus
539 3967 634 4031 grave
666 3968 734 4012 esse
758 3944 926 4028 delictum,
958 3969 1030 4014 cum
1055 3945 1215 4035 quibusvis
1239 3945 1277 4014 ad
1300 3944 1434 4036 gradum
1458 3970 1558 4036 usque

187 4061 333 4139 quartum
365 4051 552 4117 contrahere
583 4047 747 4131 affinibus,
778 4050 832 4118 sed
865 4062 976 4119 contra
1004 4054 1051 4120 ius
1080 4052 1238 4121 divinum:
1272 4077 1345 4120 curn
1374 4052 1475 4121 fratris
1506 4052 1559 4122 de·

186 4153 284 4223 functi
309 4178 419 4236 uxore,
443 4155 531 4244 prole
556 4157 739 4244 superstite,
768 4179 803 4224 ac
828 4181 901 4224 cum
929 4160 1030 4246 patrui
1060 4181 1159 4226 uxore
1188 4178 1219 4226 et
1243 4158 1362 4226 duabus
1391 4159 1485 4226 simul
1507 4182 1558 4228 so·

186 4260 320 4344 roribus,
349 4273 460 4329 contra
489 4285 610 4328 novum
639 4273 882 4330 testamentum:
907 4263 1010 4352 plures
1035 4263 1149 4334 ducere
1173 4287 1308 4348 uxores;
1343 4263 1457 4332 ducere
1481 4287 1558 4332 vero

186 4390 320 4436 uxorem
345 4366 484 4435 defuncti
507 4366 618 4450 fratris,
643 4367 726 4435 nulla
742 4371 908 4459 superstite
932 4369 1032 4458 prole,
1056 4390 1166 4438 contra
1190 4373 1278 4453 ritus,
1302 4383 1337 4440 ut
1352 4371 1557 4440 innocentius

186 4475 268 4564 Papa
292 4475 423 4564 inquit,²
450 4496 531 4563 quos
555 4473 699 4542 Romana
722 4495 825 4542 servat
850 4475 1003 4558 Ecclesia,
1032 4498 1087 4542 seu
1112 4477 1261 4560 concilia,
1290 4477 1341 4545 vel
1363 4476 1556 4546 Pontificum

187 4621 356 4628 --—-—-..-
384 4621 396 4625 -ι

294 4713 299 4742 ¹
320 4705 427 4758 Decret.
447 4703 520 4759 Grat.
541 4721 579 4757 ca.
601 4719 612 4772 3
619 4719 640 4772 5,
661 4720 702 4774 qu.
725 4719 764 4772 10,
784 4722 841 4775 cap.
861 4705 1049 4761 fraternitatis.
1087 4707 1112 4760 S.
1132 4707 1203 4760 oben
1222 4707 1248 4760 S.
1269 4710 1371 4832 zqqlqo.

292 4775 427 4830 ’Decret
444 4774 557 4846 Gregor.
577 4773 623 4828 lx.
642 4773 686 4829 lib.
699 4773 744 4828 IV.
776 4775 818 4829 De
837 4775 955 4830 divortiis
975 4793 1032 4847 cap.
1052 4793 1076 4848 9.
1107 4777 1241 4831 Innocenz
1261 4777 1284 4831 11
1325 4797 1358 4832 an
1377 4779 1419 4834 die
1432 4778 1557 4833 Bischofe

186 4865 238 4902 von
257 4846 375 4901 Livland.
413 4846 485 4908 Quia
503 4844 591 4916 dispar
609 4854 649 4898 est
668 4845 731 4898 ritus
751 4845 777 4898 in
796 4845 950 4901 Livoniensi
972 4846 1086 4901 ecclesia
1105 4889 1226 4915 ......
1251 4857 1279 4902 ut
1296 4849 1472 4904 matrimoniis
1492 4867 1556 4904 con-

185 4920 273 4974 tractis
293 4935 354 4972 cum
368 4916 466 4970 relictis
479 4915 588 4970 fratrum
602 4923 714 4970 utantur.
745 4915 806 4971 Den
818 4917 1018 4972 neubelrehrten
1030 4911 1190 4972 Livla'tndern
1202 4918 1294 4974 wurde
1307 4918 1349 4973 die
1362 4920 1556 4993 Beibehaltung

186 4989 270 5044 dieser
289 4989 365 5042 Eheu
384 4995 519 5058 gestattet,
538 4986 630 5041 solche
649 4987 712 5041 aber
731 4986 771 5042 fur
790 4987 832 5042 die
851 4988 962 5044 Zulrunft
982 4990 1118 5043 verboten.
1156 4989 1181 5044 S.
1202 4989 1272 5044 oben
1292 4988 1338 5043 Nr.
1359 5006 1399 5060 71.
