<?xml version="1.0" encoding="UTF-8"?>
<!DOCTYPE html PUBLIC "-//W3C//DTD XHTML 1.0 Transitional//EN"
    "http://www.w3.org/TR/xhtml1/DTD/xhtml1-transitional.dtd">
<html xmlns="http://www.w3.org/1999/xhtml" xml:lang="en" lang="en">
 <head>
  <title>
</title>
<meta http-equiv="Content-Type" content="text/html;charset=utf-8" />
  <meta name='ocr-system' content='tesseract 3.04.00' />
  <meta name='ocr-capabilities' content='ocr_page ocr_carea ocr_par ocr_line ocrx_word'/>
</head>
<body>
  <div class='ocr_page' id='page_1' title='image "./rmischedokument00ehsegoog_0065.png"; bbox 0 0 3824 5532; ppageno 0'>
   <div class='ocr_carea' id='block_1_1' title="bbox 1474 351 1721 420">
    <p class='ocr_par' dir='ltr' id='par_1_1' title="bbox 1474 351 1721 420">
     <span class='ocr_line' id='line_1_1' title="bbox 1474 351 1721 420; baseline -0.02 -11"><span class='ocrx_word' id='word_1_1' title='bbox 1474 351 1627 409; x_wconf 73' lang='lat' dir='ltr'>December</span> <span class='ocrx_word' id='word_1_2' title='bbox 1647 364 1721 420; x_wconf 84' lang='lat'>1527·</span> 
     </span>
    </p>
   </div>
   <div class='ocr_carea' id='block_1_2' title="bbox 349 576 1721 837">
    <p class='ocr_par' dir='ltr' id='par_1_2' title="bbox 349 576 1721 837">
     <span class='ocr_line' id='line_1_2' title="bbox 1005 576 1067 660; baseline 0.065 -4"><span class='ocrx_word' id='word_1_3' title='bbox 1005 576 1067 660; x_wconf 84' lang='lat'>10.</span> 
     </span>
     <span class='ocr_line' id='line_1_3' title="bbox 349 687 1721 837; baseline -0.004 -27"><span class='ocrx_word' id='word_1_4' title='bbox 349 687 589 834; x_wconf 84' lang='lat' dir='ltr'>Campeggio</span> <span class='ocrx_word' id='word_1_5' title='bbox 613 770 653 814; x_wconf 91' lang='lat' dir='ltr'>an</span> <span class='ocrx_word' id='word_1_6' title='bbox 678 747 861 817; x_wconf 87' lang='lat' dir='ltr'>Clemens</span> <span class='ocrx_word' id='word_1_7' title='bbox 885 750 954 818; x_wconf 91' lang='lat' dir='ltr'>VlI.</span> <span class='ocrx_word' id='word_1_8' title='bbox 1001 750 1085 818; x_wconf 90' lang='lat' dir='ltr'>Rom</span> <span class='ocrx_word' id='word_1_9' title='bbox 1112 747 1356 837; x_wconf 85' lang='lat' dir='ltr'>(Engelsburg),</span> <span class='ocrx_word' id='word_1_10' title='bbox 1386 768 1433 834; x_wconf 88' lang='lat'>14.</span> <span class='ocrx_word' id='word_1_11' title='bbox 1451 741 1605 812; x_wconf 87' lang='lat' dir='ltr'>Dezemb.</span> <span class='ocrx_word' id='word_1_12' title='bbox 1630 759 1721 824; x_wconf 86' lang='lat'>1527.</span> 
     </span>
    </p>
   </div>
   <div class='ocr_carea' id='block_1_3' title="bbox 348 917 1724 1260">
    <p class='ocr_par' dir='ltr' id='par_1_3' title="bbox 348 917 1724 1260">
     <span class='ocr_line' id='line_1_4' title="bbox 456 917 1723 998; baseline 0 -22"><span class='ocrx_word' id='word_1_13' title='bbox 456 921 595 976; x_wconf 82' lang='lat' dir='ltr'>Rechtliche</span> <span class='ocrx_word' id='word_1_14' title='bbox 608 924 888 998; x_wconf 64' lang='lat' dir='ltr'>Auseinomlersetqung</span> <span class='ocrx_word' id='word_1_15' title='bbox 905 927 947 980; x_wconf 82' lang='lat' dir='ltr'>des</span> <span class='ocrx_word' id='word_1_16' title='bbox 962 927 1113 992; x_wconf 81' lang='lat' dir='ltr'>Kardinals,</span> <span class='ocrx_word' id='word_1_17' title='bbox 1132 927 1181 978; x_wconf 84' lang='lat' dir='ltr'>wie</span> <span class='ocrx_word' id='word_1_18' title='bbox 1198 925 1240 978; x_wconf 79' lang='lat' dir='ltr'>die</span> <span class='ocrx_word' id='word_1_19' title='bbox 1258 923 1383 994; x_wconf 78' lang='lat' dir='ltr'>englische</span> <span class='ocrx_word' id='word_1_20' title='bbox 1396 921 1520 975; x_wconf 74' lang='lat' dir='ltr'>blaesacbe</span> <span class='ocrx_word' id='word_1_21' title='bbox 1537 939 1568 989; x_wconf 71' lang='lat' dir='ltr'>qu</span> <span class='ocrx_word' id='word_1_22' title='bbox 1586 917 1723 971; x_wconf 73' lang='lat' dir='ltr'>behandeln</span> 
     </span>
     <span class='ocr_line' id='line_1_5' title="bbox 348 1005 1724 1086; baseline -0.003 -26"><span class='ocrx_word' id='word_1_23' title='bbox 348 1009 392 1073; x_wconf 82' lang='lat' dir='ltr'>sei,</span> <span class='ocrx_word' id='word_1_24' title='bbox 411 1011 438 1078; x_wconf 79' lang='lat' dir='ltr'>je</span> <span class='ocrx_word' id='word_1_25' title='bbox 462 1011 583 1064; x_wconf 79' lang='lat' dir='ltr'>nacbdem</span> <span class='ocrx_word' id='word_1_26' title='bbox 606 1013 658 1066; x_wconf 85' lang='lat' dir='ltr'>sich</span> <span class='ocrx_word' id='word_1_27' title='bbox 680 1014 723 1066; x_wconf 84' lang='lat' dir='ltr'>die</span> <span class='ocrx_word' id='word_1_28' title='bbox 745 1031 796 1067; x_wconf 85' lang='lat' dir='ltr'>von</span> <span class='ocrx_word' id='word_1_29' title='bbox 822 1014 896 1086; x_wconf 86' lang='lat' dir='ltr'>Papst</span> <span class='ocrx_word' id='word_1_30' title='bbox 918 1015 1001 1084; x_wconf 81' lang='lat' dir='ltr'><em>Julius</em></span> <span class='ocrx_word' id='word_1_31' title='bbox 1025 1014 1060 1067; x_wconf 90' lang='lat' dir='ltr'>ll.</span> <span class='ocrx_word' id='word_1_32' title='bbox 1084 1015 1181 1067; x_wconf 78' lang='lat' dir='ltr'>erteiltc</span> <span class='ocrx_word' id='word_1_33' title='bbox 1200 1013 1321 1084; x_wconf 83' lang='lat' dir='ltr'>Dispmse</span> <span class='ocrx_word' id='word_1_34' title='bbox 1344 1013 1382 1064; x_wconf 85' lang='lat' dir='ltr'>als</span> <span class='ocrx_word' id='word_1_35' title='bbox 1403 1012 1491 1081; x_wconf 77' lang='lat' dir='ltr'>griltig</span> <span class='ocrx_word' id='word_1_36' title='bbox 1517 1009 1578 1062; x_wconf 82' lang='lat' dir='ltr'>oder</span> <span class='ocrx_word' id='word_1_37' title='bbox 1604 1005 1724 1076; x_wconf 71' lang='lat' dir='ltr'>ungultig</span> 
     </span>
     <span class='ocr_line' id='line_1_6' title="bbox 348 1091 1724 1173; baseline -0.002 -26"><span class='ocrx_word' id='word_1_38' title='bbox 348 1099 458 1150; x_wconf 75' lang='lat' dir='ltr'>ertueisc.</span> <span class='ocrx_word' id='word_1_39' title='bbox 497 1097 546 1152; x_wconf 86' lang='lat' dir='ltr'>Am</span> <span class='ocrx_word' id='word_1_40' title='bbox 566 1100 645 1152; x_wconf 77' lang='lat' dir='ltr'>beaten</span> <span class='ocrx_word' id='word_1_41' title='bbox 669 1107 740 1154; x_wconf 77' lang='lat' dir='ltr'>wdrr</span> <span class='ocrx_word' id='word_1_42' title='bbox 761 1102 829 1155; x_wconf 82' lang='lat' dir='ltr'>wohl</span> <span class='ocrx_word' id='word_1_43' title='bbox 850 1103 892 1154; x_wconf 79' lang='lat' dir='ltr'>die</span> <span class='ocrx_word' id='word_1_44' title='bbox 914 1102 1036 1173; x_wconf 78' lang='lat' dir='ltr'>sosortige</span> <span class='ocrx_word' id='word_1_45' title='bbox 1055 1101 1201 1156; x_wconf 82' lang='lat' dir='ltr'>Avoleation</span> <span class='ocrx_word' id='word_1_46' title='bbox 1224 1101 1270 1152; x_wconf 82' lang='lat' dir='ltr'>der</span> <span class='ocrx_word' id='word_1_47' title='bbox 1290 1099 1368 1154; x_wconf 85' lang='lat' dir='ltr'>Sache</span> <span class='ocrx_word' id='word_1_48' title='bbox 1386 1115 1422 1152; x_wconf 85' lang='lat' dir='ltr'>an</span> <span class='ocrx_word' id='word_1_49' title='bbox 1443 1099 1487 1150; x_wconf 82' lang='lat' dir='ltr'>die</span> <span class='ocrx_word' id='word_1_50' title='bbox 1505 1097 1589 1150; x_wconf 84' lang='lat' dir='ltr'>Kurie</span> <span class='ocrx_word' id='word_1_51' title='bbox 1614 1095 1642 1146; x_wconf 86' lang='lat' dir='ltr'>in</span> <span class='ocrx_word' id='word_1_52' title='bbox 1662 1091 1724 1146; x_wconf 83' lang='lat' dir='ltr'>Ram</span> 
     </span>
     <span class='ocr_line' id='line_1_7' title="bbox 349 1183 1512 1260; baseline 0.003 -26"><span class='ocrx_word' id='word_1_53' title='bbox 349 1183 403 1236; x_wconf 84' lang='lat' dir='ltr'>und</span> <span class='ocrx_word' id='word_1_54' title='bbox 422 1183 608 1258; x_wconf 77' lang='lat' dir='ltr'>Entsclreidung</span> <span class='ocrx_word' id='word_1_55' title='bbox 626 1189 733 1243; x_wconf 75' lang='lat' dir='ltr'>claselbst</span> <span class='ocrx_word' id='word_1_56' title='bbox 746 1208 816 1260; x_wconf 65' lang='lat' dir='ltr'>gan(</span> <span class='ocrx_word' id='word_1_57' title='bbox 834 1190 897 1244; x_wconf 81' lang='lat' dir='ltr'>nach</span> <span class='ocrx_word' id='word_1_58' title='bbox 911 1189 1024 1244; x_wconf 82' lang='lat' dir='ltr'>Auswer&#39;s</span> <span class='ocrx_word' id='word_1_59' title='bbox 1042 1191 1088 1243; x_wconf 83' lang='lat' dir='ltr'>der</span> <span class='ocrx_word' id='word_1_60' title='bbox 1105 1188 1257 1242; x_wconf 80' lang='lat' dir='ltr'>lu&#39;rchlichen</span> <span class='ocrx_word' id='word_1_61' title='bbox 1270 1187 1512 1258; x_wconf 70' lang='lat' dir='ltr'>Ebegesetqgebung.</span> 
     </span>
    </p>
   </div>
   <div class='ocr_carea' id='block_1_4' title="bbox 637 1327 1437 1418">
    <p class='ocr_par' dir='ltr' id='par_1_4' title="bbox 637 1327 1437 1418">
     <span class='ocr_line' id='line_1_8' title="bbox 637 1327 1437 1418; baseline -0.004 -22"><span class='ocrx_word' id='word_1_62' title='bbox 637 1331 777 1398; x_wconf 89' lang='lat' dir='ltr'>Beatme.</span> <span class='ocrx_word' id='word_1_63' title='bbox 800 1331 850 1398; x_wconf 90' lang='lat' dir='ltr'>Pr.</span> <span class='ocrx_word' id='word_1_64' title='bbox 875 1342 949 1417; x_wconf 91' lang='lat' dir='ltr'>post</span> <span class='ocrx_word' id='word_1_65' title='bbox 971 1342 1154 1398; x_wconf 88' lang='lat' dir='ltr'>sanctorum</span> <span class='ocrx_word' id='word_1_66' title='bbox 1177 1328 1296 1418; x_wconf 93' lang='lat' dir='ltr'>pedum</span> <span class='ocrx_word' id='word_1_67' title='bbox 1320 1327 1437 1395; x_wconf 89' lang='lat' dir='ltr'>oscula.</span> 
     </span>
    </p>
   </div>
   <div class='ocr_carea' id='block_1_5' title="bbox 348 1463 1765 5041">
    <p class='ocr_par' dir='ltr' id='par_1_5' title="bbox 349 1463 1729 2069">
     <span class='ocr_line' id='line_1_9' title="bbox 456 1463 1727 1560; baseline -0.006 -27"><span class='ocrx_word' id='word_1_68' title='bbox 456 1467 516 1534; x_wconf 89' lang='lat' dir='ltr'>Dal</span> <span class='ocrx_word' id='word_1_69' title='bbox 532 1467 610 1536; x_wconf 87' lang='lat' dir='ltr'>Rev.</span> <span class='ocrx_word' id='word_1_70' title='bbox 629 1470 785 1560; x_wconf 89' lang='lat' dir='ltr'>Generale</span> <span class='ocrx_word' id='word_1_71' title='bbox 801 1468 921 1538; x_wconf 89' lang='lat' dir='ltr'>ordinis</span> <span class='ocrx_word' id='word_1_72' title='bbox 944 1471 1105 1538; x_wconf 89' lang='lat' dir='ltr'>minorum</span> <span class='ocrx_word' id='word_1_73' title='bbox 1122 1469 1340 1538; x_wconf 81' lang='lat' dir='ltr'>observantiae</span> <span class='ocrx_word' id='word_1_74' title='bbox 1364 1490 1423 1554; x_wconf 91' lang='lat' dir='ltr'>pro</span> <span class='ocrx_word' id='word_1_75' title='bbox 1446 1477 1535 1555; x_wconf 85' lang='lat' dir='ltr'>parte</span> <span class='ocrx_word' id='word_1_76' title='bbox 1559 1463 1592 1532; x_wconf 90' lang='lat' dir='ltr'>di</span> <span class='ocrx_word' id='word_1_77' title='bbox 1608 1463 1727 1529; x_wconf 88' lang='lat' dir='ltr'>Vostra</span> 
     </span>
     <span class='ocr_line' id='line_1_10' title="bbox 349 1568 1727 1666; baseline -0.002 -30"><span class='ocrx_word' id='word_1_78' title='bbox 349 1569 469 1640; x_wconf 86' lang='lat' dir='ltr'>Santital</span> <span class='ocrx_word' id='word_1_79' title='bbox 492 1575 536 1640; x_wconf 92' lang='lat' dir='ltr'>mi</span> <span class='ocrx_word' id='word_1_80' title='bbox 561 1579 578 1641; x_wconf 78' lang='lat' dir='ltr'>t</span> <span class='ocrx_word' id='word_1_81' title='bbox 601 1587 684 1643; x_wconf 84' lang='lat' dir='ltr'>stato</span> <span class='ocrx_word' id='word_1_82' title='bbox 708 1589 863 1665; x_wconf 92' lang='lat' dir='ltr'>proposto</span> <span class='ocrx_word' id='word_1_83' title='bbox 887 1577 992 1666; x_wconf 90' lang='lat' dir='ltr'>quello</span> <span class='ocrx_word' id='word_1_84' title='bbox 1017 1600 1090 1645; x_wconf 89' lang='lat' dir='ltr'>caso</span> <span class='ocrx_word' id='word_1_85' title='bbox 1115 1575 1358 1656; x_wconf 82' lang='lat' dir='ltr'>matrimoniale,</span> <span class='ocrx_word' id='word_1_86' title='bbox 1383 1585 1414 1640; x_wconf 90' lang='lat' dir='ltr'>et</span> <span class='ocrx_word' id='word_1_87' title='bbox 1438 1572 1524 1640; x_wconf 89' lang='lat' dir='ltr'>hami</span> <span class='ocrx_word' id='word_1_88' title='bbox 1548 1568 1727 1637; x_wconf 87' lang='lat' dir='ltr'>ricerehato</span> 
     </span>
     <span class='ocr_line' id='line_1_11' title="bbox 350 1680 1728 1770; baseline -0.002 -28"><span class='ocrx_word' id='word_1_89' title='bbox 350 1697 406 1762; x_wconf 91' lang='lat' dir='ltr'>per</span> <span class='ocrx_word' id='word_1_90' title='bbox 429 1680 734 1750; x_wconf 91' lang='lat' dir='ltr'>commandamento</span> <span class='ocrx_word' id='word_1_91' title='bbox 759 1707 829 1766; x_wconf 89' lang='lat' dir='ltr'>suo,</span> <span class='ocrx_word' id='word_1_92' title='bbox 853 1683 937 1751; x_wconf 91' lang='lat' dir='ltr'>ch&#39;io</span> <span class='ocrx_word' id='word_1_93' title='bbox 961 1682 981 1751; x_wconf 92' lang='lat' dir='ltr'>li</span> <span class='ocrx_word' id='word_1_94' title='bbox 998 1683 1048 1751; x_wconf 90' lang='lat' dir='ltr'>dia</span> <span class='ocrx_word' id='word_1_95' title='bbox 1071 1685 1159 1750; x_wconf 88' lang='lat' dir='ltr'>aviso</span> <span class='ocrx_word' id='word_1_96' title='bbox 1176 1681 1226 1751; x_wconf 93' lang='lat' dir='ltr'>del</span> <span class='ocrx_word' id='word_1_97' title='bbox 1243 1705 1333 1770; x_wconf 89' lang='lat' dir='ltr'>parer</span> <span class='ocrx_word' id='word_1_98' title='bbox 1357 1682 1435 1762; x_wconf 92' lang='lat' dir='ltr'>mio,</span> <span class='ocrx_word' id='word_1_99' title='bbox 1461 1697 1492 1746; x_wconf 93' lang='lat' dir='ltr'>et</span> <span class='ocrx_word' id='word_1_100' title='bbox 1517 1695 1728 1766; x_wconf 85' lang='lat' dir='ltr'>quantunque</span> 
     </span>
     <span class='ocr_line' id='line_1_12' title="bbox 350 1780 1728 1878; baseline -0.001 -32"><span class='ocrx_word' id='word_1_101' title='bbox 350 1780 469 1850; x_wconf 91' lang='lat' dir='ltr'>Vostra</span> <span class='ocrx_word' id='word_1_102' title='bbox 485 1783 683 1854; x_wconf 88' lang='lat' dir='ltr'>Beatitudine</span> <span class='ocrx_word' id='word_1_103' title='bbox 700 1787 792 1856; x_wconf 89' lang='lat' dir='ltr'>habbi</span> <span class='ocrx_word' id='word_1_104' title='bbox 808 1812 959 1877; x_wconf 90' lang='lat' dir='ltr'>appresso</span> <span class='ocrx_word' id='word_1_105' title='bbox 977 1788 1008 1856; x_wconf 92' lang='lat' dir='ltr'>di</span> <span class='ocrx_word' id='word_1_106' title='bbox 1024 1813 1058 1856; x_wconf 91' lang='lat' dir='ltr'>se</span> <span class='ocrx_word' id='word_1_107' title='bbox 1075 1811 1212 1878; x_wconf 87' lang='lat' dir='ltr'>persone</span> <span class='ocrx_word' id='word_1_108' title='bbox 1233 1786 1291 1855; x_wconf 94' lang='lat' dir='ltr'>che</span> <span class='ocrx_word' id='word_1_109' title='bbox 1308 1785 1428 1873; x_wconf 87' lang='lat' dir='ltr'>meglio</span> <span class='ocrx_word' id='word_1_110' title='bbox 1453 1783 1484 1851; x_wconf 92' lang='lat' dir='ltr'>di</span> <span class='ocrx_word' id='word_1_111' title='bbox 1509 1806 1562 1850; x_wconf 92' lang='lat' dir='ltr'>me</span> <span class='ocrx_word' id='word_1_112' title='bbox 1579 1781 1728 1870; x_wconf 84' lang='lat' dir='ltr'>sapriano</span> 
     </span>
     <span class='ocr_line' id='line_1_13' title="bbox 351 1888 1729 1984; baseline -0.001 -31"><span class='ocrx_word' id='word_1_113' title='bbox 351 1888 531 1956; x_wconf 80' lang='lat' dir='ltr'>consultarli</span> <span class='ocrx_word' id='word_1_114' title='bbox 557 1891 577 1958; x_wconf 92' lang='lat' dir='ltr'>il</span> <span class='ocrx_word' id='word_1_115' title='bbox 600 1904 695 1975; x_wconf 93' lang='lat' dir='ltr'>tutto,</span> <span class='ocrx_word' id='word_1_116' title='bbox 719 1917 777 1982; x_wconf 94' lang='lat' dir='ltr'>pur</span> <span class='ocrx_word' id='word_1_117' title='bbox 800 1917 856 1982; x_wconf 88' lang='lat' dir='ltr'>per</span> <span class='ocrx_word' id='word_1_118' title='bbox 880 1894 1020 1962; x_wconf 86' lang='lat' dir='ltr'>obedirla</span> <span class='ocrx_word' id='word_1_119' title='bbox 1043 1894 1063 1961; x_wconf 91' lang='lat' dir='ltr'>li</span> <span class='ocrx_word' id='word_1_120' title='bbox 1087 1894 1156 1962; x_wconf 80' lang='lat' dir='ltr'>diri)</span> <span class='ocrx_word' id='word_1_121' title='bbox 1180 1911 1299 1984; x_wconf 88' lang='lat' dir='ltr'>quanto</span> <span class='ocrx_word' id='word_1_122' title='bbox 1316 1895 1361 1959; x_wconf 92' lang='lat' dir='ltr'>mi</span> <span class='ocrx_word' id='word_1_123' title='bbox 1385 1913 1519 1959; x_wconf 89' lang='lat' dir='ltr'>occorre</span> <span class='ocrx_word' id='word_1_124' title='bbox 1544 1899 1634 1955; x_wconf 92' lang='lat' dir='ltr'>sotto</span> <span class='ocrx_word' id='word_1_125' title='bbox 1659 1907 1729 1952; x_wconf 88' lang='lat' dir='ltr'>cor·</span> 
     </span>
     <span class='ocr_line' id='line_1_14' title="bbox 352 1995 1404 2069; baseline 0.006 -10"><span class='ocrx_word' id='word_1_126' title='bbox 352 1995 494 2062; x_wconf 89' lang='lat' dir='ltr'>rectione</span> <span class='ocrx_word' id='word_1_127' title='bbox 517 1996 549 2063; x_wconf 93' lang='lat' dir='ltr'>di</span> <span class='ocrx_word' id='word_1_128' title='bbox 565 1997 685 2066; x_wconf 90' lang='lat' dir='ltr'>Vostra</span> <span class='ocrx_word' id='word_1_129' title='bbox 708 2000 827 2069; x_wconf 80' lang='lat' dir='ltr'>Santitl</span> <span class='ocrx_word' id='word_1_130' title='bbox 850 2013 882 2068; x_wconf 87' lang='lat' dir='ltr'>et</span> <span class='ocrx_word' id='word_1_131' title='bbox 905 1999 1069 2068; x_wconf 87' lang='lat' dir='ltr'>cuiuslibet</span> <span class='ocrx_word' id='word_1_132' title='bbox 1092 2000 1205 2068; x_wconf 91' lang='lat' dir='ltr'>melius</span> <span class='ocrx_word' id='word_1_133' title='bbox 1228 2000 1404 2066; x_wconf 91' lang='lat' dir='ltr'>sentientis.</span> 
     </span>
    </p>

    <p class='ocr_par' dir='ltr' id='par_1_6' title="bbox 352 2098 1765 2404">
     <span class='ocr_line' id='line_1_15' title="bbox 457 2098 1765 2192; baseline -0.004 -24"><span class='ocrx_word' id='word_1_134' title='bbox 457 2100 498 2168; x_wconf 87' lang='lat' dir='ltr'>Se</span> <span class='ocrx_word' id='word_1_135' title='bbox 521 2102 650 2192; x_wconf 90' lang='lat' dir='ltr'>quando</span> <span class='ocrx_word' id='word_1_136' title='bbox 675 2117 882 2176; x_wconf 89' lang='lat' dir='ltr'>contrasseno</span> <span class='ocrx_word' id='word_1_137' title='bbox 911 2108 1132 2189; x_wconf 91' lang='lat' dir='ltr'>matrimonio,</span> <span class='ocrx_word' id='word_1_138' title='bbox 1161 2105 1255 2173; x_wconf 83' lang='lat' dir='ltr'>furno</span> <span class='ocrx_word' id='word_1_139' title='bbox 1279 2104 1417 2192; x_wconf 84' lang='lat' dir='ltr'>expressi</span> <span class='ocrx_word' id='word_1_140' title='bbox 1441 2102 1461 2168; x_wconf 97' lang='lat' dir='ltr'>li</span> <span class='ocrx_word' id='word_1_141' title='bbox 1489 2098 1729 2190; x_wconf 87' lang='lat' dir='ltr'>impedimenti,</span> <span class='ocrx_word' id='word_1_142' title='bbox 1762 2150 1765 2154; x_wconf 89' lang='lat'>.</span> 
     </span>
     <span class='ocr_line' id='line_1_16' title="bbox 352 2203 1729 2300; baseline -0.001 -30"><span class='ocrx_word' id='word_1_143' title='bbox 352 2203 411 2270; x_wconf 89' lang='lat' dir='ltr'>che</span> <span class='ocrx_word' id='word_1_144' title='bbox 434 2205 620 2291; x_wconf 90' lang='lat' dir='ltr'>obstavan0,</span> <span class='ocrx_word' id='word_1_145' title='bbox 644 2222 676 2278; x_wconf 88' lang='lat' dir='ltr'>et</span> <span class='ocrx_word' id='word_1_146' title='bbox 698 2210 726 2278; x_wconf 90' lang='lat' dir='ltr'>la</span> <span class='ocrx_word' id='word_1_147' title='bbox 750 2211 985 2300; x_wconf 87' lang='lat' dir='ltr'>dispensatione</span> <span class='ocrx_word' id='word_1_148' title='bbox 1007 2209 1195 2293; x_wconf 89' lang='lat' dir='ltr'>sufficiente,</span> <span class='ocrx_word' id='word_1_149' title='bbox 1218 2222 1332 2300; x_wconf 90' lang='lat' dir='ltr'>questo</span> <span class='ocrx_word' id='word_1_150' title='bbox 1362 2232 1437 2276; x_wconf 88' lang='lat' dir='ltr'>caso</span> <span class='ocrx_word' id='word_1_151' title='bbox 1461 2229 1529 2275; x_wconf 94' lang='lat' dir='ltr'>non</span> <span class='ocrx_word' id='word_1_152' title='bbox 1555 2206 1595 2272; x_wconf 91' lang='lat' dir='ltr'>ha</span> <span class='ocrx_word' id='word_1_153' title='bbox 1619 2203 1729 2284; x_wconf 86' lang='lat' dir='ltr'>dubio,</span> 
     </span>
     <span class='ocr_line' id='line_1_17' title="bbox 352 2308 1587 2404; baseline 0.004 -28"><span class='ocrx_word' id='word_1_154' title='bbox 352 2308 410 2377; x_wconf 90' lang='lat' dir='ltr'>che</span> <span class='ocrx_word' id='word_1_155' title='bbox 433 2310 453 2378; x_wconf 95' lang='lat' dir='ltr'>il</span> <span class='ocrx_word' id='word_1_156' title='bbox 478 2315 685 2383; x_wconf 90' lang='lat' dir='ltr'>matrimonio</span> <span class='ocrx_word' id='word_1_157' title='bbox 709 2316 742 2384; x_wconf 88' lang='lat' dir='ltr'>fu</span> <span class='ocrx_word' id='word_1_158' title='bbox 767 2329 798 2384; x_wconf 91' lang='lat' dir='ltr'>et</span> <span class='ocrx_word' id='word_1_159' title='bbox 822 2321 839 2384; x_wconf 83' lang='lat' dir='ltr'>t</span> <span class='ocrx_word' id='word_1_160' title='bbox 866 2316 982 2401; x_wconf 92' lang='lat' dir='ltr'>valid0,</span> <span class='ocrx_word' id='word_1_161' title='bbox 1006 2341 1065 2385; x_wconf 90' lang='lat' dir='ltr'>nec</span> <span class='ocrx_word' id='word_1_162' title='bbox 1089 2317 1192 2383; x_wconf 89' lang='lat' dir='ltr'>dirimi</span> <span class='ocrx_word' id='word_1_163' title='bbox 1214 2328 1321 2404; x_wconf 91' lang='lat' dir='ltr'>potest</span> <span class='ocrx_word' id='word_1_164' title='bbox 1344 2315 1449 2404; x_wconf 91' lang='lat' dir='ltr'>aliquo</span> <span class='ocrx_word' id='word_1_165' title='bbox 1474 2310 1587 2381; x_wconf 80' lang='lat' dir='ltr'>modo</span> 
     </span>
    </p>

    <p class='ocr_par' dir='ltr' id='par_1_7' title="bbox 348 2415 1737 5041">
     <span class='ocr_line' id='line_1_18' title="bbox 456 2415 1730 2511; baseline -0.003 -26"><span class='ocrx_word' id='word_1_166' title='bbox 456 2417 508 2486; x_wconf 85' lang='lat' dir='ltr'>Sel</span> <span class='ocrx_word' id='word_1_167' title='bbox 537 2443 571 2488; x_wconf 90' lang='lat' dir='ltr'>se</span> <span class='ocrx_word' id='word_1_168' title='bbox 599 2444 864 2511; x_wconf 90' lang='lat' dir='ltr'>presupponesse,</span> <span class='ocrx_word' id='word_1_169' title='bbox 895 2423 953 2490; x_wconf 89' lang='lat' dir='ltr'>che</span> <span class='ocrx_word' id='word_1_170' title='bbox 982 2423 1002 2490; x_wconf 93' lang='lat' dir='ltr'>li</span> <span class='ocrx_word' id='word_1_171' title='bbox 1030 2422 1251 2511; x_wconf 87' lang='lat' dir='ltr'>impedimenti</span> <span class='ocrx_word' id='word_1_172' title='bbox 1281 2445 1348 2489; x_wconf 94' lang='lat' dir='ltr'>non</span> <span class='ocrx_word' id='word_1_173' title='bbox 1379 2419 1512 2488; x_wconf 91' lang='lat' dir='ltr'>fusseno</span> <span class='ocrx_word' id='word_1_174' title='bbox 1543 2417 1617 2486; x_wconf 88' lang='lat' dir='ltr'>stati</span> <span class='ocrx_word' id='word_1_175' title='bbox 1647 2415 1730 2482; x_wconf 91' lang='lat' dir='ltr'>bene</span> 
     </span>
     <span class='ocr_line' id='line_1_19' title="bbox 351 2521 1730 2616; baseline -0.001 -28"><span class='ocrx_word' id='word_1_176' title='bbox 351 2525 501 2609; x_wconf 83' lang='lat' dir='ltr'>expressi,</span> <span class='ocrx_word' id='word_1_177' title='bbox 526 2529 567 2592; x_wconf 72' lang='lat' dir='ltr'>ne</span> <span class='ocrx_word' id='word_1_178' title='bbox 590 2525 618 2594; x_wconf 90' lang='lat' dir='ltr'>la</span> <span class='ocrx_word' id='word_1_179' title='bbox 642 2526 879 2616; x_wconf 83' lang='lat' dir='ltr'>dispensatione</span> <span class='ocrx_word' id='word_1_180' title='bbox 902 2527 1089 2610; x_wconf 89' lang='lat' dir='ltr'>sufficiente,</span> <span class='ocrx_word' id='word_1_181' title='bbox 1113 2551 1179 2596; x_wconf 92' lang='lat' dir='ltr'>non</span> <span class='ocrx_word' id='word_1_182' title='bbox 1204 2532 1221 2594; x_wconf 78' lang='lat' dir='ltr'>b</span> <span class='ocrx_word' id='word_1_183' title='bbox 1245 2526 1359 2609; x_wconf 91' lang='lat' dir='ltr'>dubio,</span> <span class='ocrx_word' id='word_1_184' title='bbox 1388 2525 1448 2592; x_wconf 91' lang='lat' dir='ltr'>che</span> <span class='ocrx_word' id='word_1_185' title='bbox 1472 2523 1492 2592; x_wconf 93' lang='lat' dir='ltr'>il</span> <span class='ocrx_word' id='word_1_186' title='bbox 1517 2521 1730 2590; x_wconf 89' lang='lat' dir='ltr'>matrimonio</span> 
     </span>
     <span class='ocr_line' id='line_1_20' title="bbox 351 2626 1731 2722; baseline -0.002 -28"><span class='ocrx_word' id='word_1_187' title='bbox 351 2651 418 2694; x_wconf 92' lang='lat' dir='ltr'>non</span> <span class='ocrx_word' id='word_1_188' title='bbox 442 2627 474 2696; x_wconf 81' lang='lat' dir='ltr'>fu</span> <span class='ocrx_word' id='word_1_189' title='bbox 499 2631 603 2699; x_wconf 93' lang='lat' dir='ltr'>valido</span> <span class='ocrx_word' id='word_1_190' title='bbox 628 2645 660 2701; x_wconf 89' lang='lat' dir='ltr'>et</span> <span class='ocrx_word' id='word_1_191' title='bbox 683 2657 776 2701; x_wconf 89' lang='lat' dir='ltr'>senza</span> <span class='ocrx_word' id='word_1_192' title='bbox 791 2634 932 2722; x_wconf 89' lang='lat' dir='ltr'>legitima</span> <span class='ocrx_word' id='word_1_193' title='bbox 956 2633 1190 2722; x_wconf 83' lang='lat' dir='ltr'>dispensatione</span> <span class='ocrx_word' id='word_1_194' title='bbox 1214 2655 1281 2700; x_wconf 94' lang='lat' dir='ltr'>non</span> <span class='ocrx_word' id='word_1_195' title='bbox 1306 2635 1348 2720; x_wconf 84' lang='lat' dir='ltr'>pb</span> <span class='ocrx_word' id='word_1_196' title='bbox 1364 2633 1527 2712; x_wconf 89' lang='lat' dir='ltr'>susistere,</span> <span class='ocrx_word' id='word_1_197' title='bbox 1552 2651 1606 2695; x_wconf 91' lang='lat' dir='ltr'>ma</span> <span class='ocrx_word' id='word_1_198' title='bbox 1622 2626 1731 2715; x_wconf 89' lang='lat' dir='ltr'>potius</span> 
     </span>
     <span class='ocr_line' id='line_1_21' title="bbox 352 2731 1733 2829; baseline -0.001 -30"><span class='ocrx_word' id='word_1_199' title='bbox 352 2731 509 2802; x_wconf 89' lang='lat' dir='ltr'>diceretur</span> <span class='ocrx_word' id='word_1_200' title='bbox 532 2738 778 2806; x_wconf 91' lang='lat' dir='ltr'>contubernium</span> <span class='ocrx_word' id='word_1_201' title='bbox 803 2763 898 2829; x_wconf 89' lang='lat' dir='ltr'>quam</span> <span class='ocrx_word' id='word_1_202' title='bbox 922 2741 1172 2807; x_wconf 88' lang='lat' dir='ltr'>matrimonium.</span> <span class='ocrx_word' id='word_1_203' title='bbox 1219 2739 1257 2806; x_wconf 85' lang='lat' dir='ltr'>Et</span> <span class='ocrx_word' id='word_1_204' title='bbox 1285 2737 1402 2826; x_wconf 79' lang='lat' dir='ltr'>perch&#39;e</span> <span class='ocrx_word' id='word_1_205' title='bbox 1426 2734 1447 2804; x_wconf 93' lang='lat' dir='ltr'>il</span> <span class='ocrx_word' id='word_1_206' title='bbox 1469 2734 1593 2824; x_wconf 85' lang='lat' dir='ltr'>prefato</span> <span class='ocrx_word' id='word_1_207' title='bbox 1623 2733 1669 2799; x_wconf 91' lang='lat' dir='ltr'>mi</span> <span class='ocrx_word' id='word_1_208' title='bbox 1693 2732 1733 2798; x_wconf 92' lang='lat' dir='ltr'>ri-</span> 
     </span>
     <span class='ocr_line' id='line_1_22' title="bbox 352 2838 1732 2932; baseline -0.001 -27"><span class='ocrx_word' id='word_1_209' title='bbox 352 2839 464 2907; x_wconf 87' lang='lat' dir='ltr'>cercha</span> <span class='ocrx_word' id='word_1_210' title='bbox 487 2843 598 2929; x_wconf 90' lang='lat' dir='ltr'>prima,</span> <span class='ocrx_word' id='word_1_211' title='bbox 623 2865 656 2910; x_wconf 90' lang='lat' dir='ltr'>se</span> <span class='ocrx_word' id='word_1_212' title='bbox 681 2844 800 2912; x_wconf 89' lang='lat' dir='ltr'>Vostra</span> <span class='ocrx_word' id='word_1_213' title='bbox 815 2845 934 2912; x_wconf 77' lang='lat' dir='ltr'>Santitd</span> <span class='ocrx_word' id='word_1_214' title='bbox 956 2845 988 2911; x_wconf 99' lang='lat' dir='ltr'>lo</span> <span class='ocrx_word' id='word_1_215' title='bbox 1009 2847 1051 2932; x_wconf 86' lang='lat' dir='ltr'>pb</span> <span class='ocrx_word' id='word_1_216' title='bbox 1075 2843 1221 2925; x_wconf 87' lang='lat' dir='ltr'>validare,</span> <span class='ocrx_word' id='word_1_217' title='bbox 1244 2842 1399 2931; x_wconf 89' lang='lat' dir='ltr'>rispondo</span> <span class='ocrx_word' id='word_1_218' title='bbox 1424 2843 1483 2909; x_wconf 92' lang='lat' dir='ltr'>che</span> <span class='ocrx_word' id='word_1_219' title='bbox 1509 2841 1630 2908; x_wconf 88' lang='lat' dir='ltr'>Vostra</span> <span class='ocrx_word' id='word_1_220' title='bbox 1654 2838 1732 2904; x_wconf 88' lang='lat' dir='ltr'>San·</span> 
     </span>
     <span class='ocr_line' id='line_1_23' title="bbox 351 2943 1732 3037; baseline -0.001 -27"><span class='ocrx_word' id='word_1_221' title='bbox 351 2944 408 3010; x_wconf 82' lang='lat' dir='ltr'>titl</span> <span class='ocrx_word' id='word_1_222' title='bbox 423 2947 466 3032; x_wconf 90' lang='grc' dir='ltr'>ρὸ</span> <span class='ocrx_word' id='word_1_223' title='bbox 483 2944 564 3015; x_wconf 89' lang='lat' dir='ltr'>bene</span> <span class='ocrx_word' id='word_1_224' title='bbox 580 2971 618 3015; x_wconf 84' lang='lat' dir='ltr'>ex</span> <span class='ocrx_word' id='word_1_225' title='bbox 635 2972 721 3016; x_wconf 89' lang='lat' dir='ltr'>nunc</span> <span class='ocrx_word' id='word_1_226' title='bbox 737 2947 813 3016; x_wconf 89' lang='lat' dir='ltr'>darli</span> <span class='ocrx_word' id='word_1_227' title='bbox 836 2948 1010 3018; x_wconf 88' lang='lat' dir='ltr'>sufficiente</span> <span class='ocrx_word' id='word_1_228' title='bbox 1027 2948 1263 3037; x_wconf 88' lang='lat' dir='ltr'>dispensatione</span> <span class='ocrx_word' id='word_1_229' title='bbox 1269 2975 1278 3031; x_wconf 93' lang='lat'>;</span> <span class='ocrx_word' id='word_1_230' title='bbox 1301 2972 1354 3015; x_wconf 90' lang='lat' dir='ltr'>ma</span> <span class='ocrx_word' id='word_1_231' title='bbox 1369 2948 1571 3036; x_wconf 88' lang='lat' dir='ltr'>presuposita</span> <span class='ocrx_word' id='word_1_232' title='bbox 1587 2943 1732 3011; x_wconf 86' lang='lat' dir='ltr'>nullitate</span> 
     </span>
     <span class='ocr_line' id='line_1_24' title="bbox 352 3050 1733 3135; baseline 0.001 -20"><span class='ocrx_word' id='word_1_233' title='bbox 352 3052 547 3118; x_wconf 89' lang='lat' dir='ltr'>matrimonii</span> <span class='ocrx_word' id='word_1_234' title='bbox 571 3055 640 3121; x_wconf 89' lang='lat' dir='ltr'>sine</span> <span class='ocrx_word' id='word_1_235' title='bbox 664 3077 752 3122; x_wconf 92' lang='lat' dir='ltr'>novo</span> <span class='ocrx_word' id='word_1_236' title='bbox 769 3078 928 3122; x_wconf 89' lang='lat' dir='ltr'>consensu</span> <span class='ocrx_word' id='word_1_237' title='bbox 952 3077 1018 3122; x_wconf 91' lang='lat' dir='ltr'>non</span> <span class='ocrx_word' id='word_1_238' title='bbox 1039 3067 1122 3122; x_wconf 91' lang='lat' dir='ltr'>esset</span> <span class='ocrx_word' id='word_1_239' title='bbox 1138 3055 1389 3135; x_wconf 90' lang='lat' dir='ltr'>matrimonium,</span> <span class='ocrx_word' id='word_1_240' title='bbox 1414 3057 1455 3120; x_wconf 79' lang='lat' dir='ltr'>ne</span> <span class='ocrx_word' id='word_1_241' title='bbox 1472 3054 1592 3120; x_wconf 81' lang='grc' dir='ltr'><strong>νοεῖτε</strong></span> <span class='ocrx_word' id='word_1_242' title='bbox 1609 3050 1733 3118; x_wconf 83' lang='lat' dir='ltr'>Santitl</span> 
     </span>
     <span class='ocr_line' id='line_1_25' title="bbox 352 3155 1733 3243; baseline 0.001 -22"><span class='ocrx_word' id='word_1_243' title='bbox 352 3158 395 3243; x_wconf 90' lang='grc' dir='ltr'>ρὸ</span> <span class='ocrx_word' id='word_1_244' title='bbox 419 3155 493 3239; x_wconf 87' lang='lat' dir='ltr'>fare,</span> <span class='ocrx_word' id='word_1_245' title='bbox 517 3157 576 3226; x_wconf 86' lang='lat' dir='ltr'>clre</span> <span class='ocrx_word' id='word_1_246' title='bbox 600 3161 640 3226; x_wconf 92' lang='lat' dir='ltr'>sit</span> <span class='ocrx_word' id='word_1_247' title='bbox 664 3161 921 3242; x_wconf 89' lang='lat' dir='ltr'>matrimonium,</span> <span class='ocrx_word' id='word_1_248' title='bbox 950 3163 975 3227; x_wconf 92' lang='lat' dir='ltr'>si</span> <span class='ocrx_word' id='word_1_249' title='bbox 999 3183 1065 3227; x_wconf 91' lang='lat' dir='ltr'>non</span> <span class='ocrx_word' id='word_1_250' title='bbox 1094 3161 1295 3226; x_wconf 88' lang='lat' dir='ltr'>consentiant</span> <span class='ocrx_word' id='word_1_251' title='bbox 1325 3158 1563 3226; x_wconf 78' lang='lat' dir='ltr'>contrahentes</span> <span class='ocrx_word' id='word_1_252' title='bbox 1612 3155 1733 3224; x_wconf 81' lang='lat' dir='ltr'>Dubita</span> 
     </span>
     <span class='ocr_line' id='line_1_26' title="bbox 352 3259 1733 3353; baseline 0.001 -27"><span class='ocrx_word' id='word_1_253' title='bbox 352 3259 371 3326; x_wconf 93' lang='lat' dir='ltr'>il</span> <span class='ocrx_word' id='word_1_254' title='bbox 395 3261 517 3349; x_wconf 82' lang='lat' dir='ltr'>prelato</span> <span class='ocrx_word' id='word_1_255' title='bbox 541 3264 684 3332; x_wconf 88' lang='lat' dir='ltr'>secundo</span> <span class='ocrx_word' id='word_1_256' title='bbox 707 3266 793 3348; x_wconf 91' lang='lat' dir='ltr'>loco,</span> <span class='ocrx_word' id='word_1_257' title='bbox 823 3289 857 3333; x_wconf 92' lang='lat' dir='ltr'>se</span> <span class='ocrx_word' id='word_1_258' title='bbox 881 3267 998 3333; x_wconf 92' lang='lat' dir='ltr'>Vostra</span> <span class='ocrx_word' id='word_1_259' title='bbox 1022 3265 1141 3333; x_wconf 78' lang='lat' dir='ltr'>Santitl</span> <span class='ocrx_word' id='word_1_260' title='bbox 1164 3267 1207 3353; x_wconf 87' lang='lat' dir='ltr'>pd</span> <span class='ocrx_word' id='word_1_261' title='bbox 1230 3263 1391 3332; x_wconf 88' lang='lat' dir='ltr'>annullare</span> <span class='ocrx_word' id='word_1_262' title='bbox 1415 3266 1494 3352; x_wconf 87' lang='lat' dir='ltr'>ogni</span> <span class='ocrx_word' id='word_1_263' title='bbox 1518 3265 1575 3332; x_wconf 85' lang='lat' dir='ltr'>atti</span> <span class='ocrx_word' id='word_1_264' title='bbox 1600 3274 1634 3330; x_wconf 91' lang='lat' dir='ltr'>et</span> <span class='ocrx_word' id='word_1_265' title='bbox 1658 3283 1733 3350; x_wconf 90' lang='lat' dir='ltr'>pro-</span> 
     </span>
     <span class='ocr_line' id='line_1_27' title="bbox 352 3367 1733 3459; baseline 0 -25"><span class='ocrx_word' id='word_1_266' title='bbox 352 3369 431 3435; x_wconf 92' lang='lat' dir='ltr'>cessi</span> <span class='ocrx_word' id='word_1_267' title='bbox 455 3367 522 3436; x_wconf 87' lang='lat' dir='ltr'>fatti</span> <span class='ocrx_word' id='word_1_268' title='bbox 537 3392 593 3457; x_wconf 91' lang='lat' dir='ltr'>per</span> <span class='ocrx_word' id='word_1_269' title='bbox 616 3370 718 3438; x_wconf 91' lang='lat' dir='ltr'>alcuni</span> <span class='ocrx_word' id='word_1_270' title='bbox 735 3369 830 3438; x_wconf 90' lang='lat' dir='ltr'>iudici</span> <span class='ocrx_word' id='word_1_271' title='bbox 853 3373 884 3437; x_wconf 93' lang='lat' dir='ltr'>in</span> <span class='ocrx_word' id='word_1_272' title='bbox 903 3383 1013 3459; x_wconf 89' lang='lat' dir='ltr'>questa</span> <span class='ocrx_word' id='word_1_273' title='bbox 1036 3393 1127 3437; x_wconf 86' lang='lat' dir='ltr'>causa</span> <span class='ocrx_word' id='word_1_274' title='bbox 1144 3371 1386 3439; x_wconf 90' lang='lat' dir='ltr'>matrimoniale.</span> <span class='ocrx_word' id='word_1_275' title='bbox 1425 3370 1467 3437; x_wconf 87' lang='lat' dir='ltr'>Al</span> <span class='ocrx_word' id='word_1_276' title='bbox 1483 3371 1544 3438; x_wconf 88' lang='lat' dir='ltr'>che</span> <span class='ocrx_word' id='word_1_277' title='bbox 1560 3367 1733 3457; x_wconf 91' lang='lat' dir='ltr'>rispond0,</span> 
     </span>
     <span class='ocr_line' id='line_1_28' title="bbox 351 3473 1735 3564; baseline 0 -25"><span class='ocrx_word' id='word_1_278' title='bbox 351 3495 419 3540; x_wconf 93' lang='lat' dir='ltr'>non</span> <span class='ocrx_word' id='word_1_279' title='bbox 442 3497 529 3543; x_wconf 89' lang='lat' dir='ltr'>esser</span> <span class='ocrx_word' id='word_1_280' title='bbox 552 3478 781 3558; x_wconf 89' lang='lat' dir='ltr'>conveniente,</span> <span class='ocrx_word' id='word_1_281' title='bbox 805 3475 864 3542; x_wconf 93' lang='lat' dir='ltr'>che</span> <span class='ocrx_word' id='word_1_282' title='bbox 887 3475 1005 3543; x_wconf 89' lang='lat' dir='ltr'>Vostra</span> <span class='ocrx_word' id='word_1_283' title='bbox 1027 3475 1146 3542; x_wconf 75' lang='lat' dir='ltr'>Santitl</span> <span class='ocrx_word' id='word_1_284' title='bbox 1168 3474 1285 3542; x_wconf 81' lang='lat' dir='ltr'>anntdli</span> <span class='ocrx_word' id='word_1_285' title='bbox 1308 3474 1431 3564; x_wconf 91' lang='lat' dir='ltr'>quello,</span> <span class='ocrx_word' id='word_1_286' title='bbox 1455 3475 1487 3541; x_wconf 93' lang='lat' dir='ltr'>di</span> <span class='ocrx_word' id='word_1_287' title='bbox 1511 3475 1572 3542; x_wconf 91' lang='lat' dir='ltr'>che</span> <span class='ocrx_word' id='word_1_288' title='bbox 1597 3497 1667 3541; x_wconf 91' lang='lat' dir='ltr'>non</span> <span class='ocrx_word' id='word_1_289' title='bbox 1694 3473 1735 3540; x_wconf 90' lang='lat' dir='ltr'>ha</span> 
     </span>
     <span class='ocr_line' id='line_1_29' title="bbox 352 3579 1734 3649; baseline 0 -3"><span class='ocrx_word' id='word_1_290' title='bbox 352 3581 473 3647; x_wconf 92' lang='lat' dir='ltr'>notitia.</span> <span class='ocrx_word' id='word_1_291' title='bbox 520 3581 673 3648; x_wconf 88' lang='lat' dir='ltr'>Potriano</span> <span class='ocrx_word' id='word_1_292' title='bbox 697 3599 765 3648; x_wconf 86' lang='lat' dir='ltr'>acta</span> <span class='ocrx_word' id='word_1_293' title='bbox 790 3580 873 3649; x_wconf 92' lang='lat' dir='ltr'>nulla</span> <span class='ocrx_word' id='word_1_294' title='bbox 896 3603 965 3647; x_wconf 91' lang='lat' dir='ltr'>esse</span> <span class='ocrx_word' id='word_1_295' title='bbox 989 3604 1027 3647; x_wconf 88' lang='lat' dir='ltr'>ex</span> <span class='ocrx_word' id='word_1_296' title='bbox 1051 3579 1175 3648; x_wconf 84' lang='lat' dir='ltr'>defectu</span> <span class='ocrx_word' id='word_1_297' title='bbox 1191 3579 1418 3648; x_wconf 90' lang='lat' dir='ltr'>iurisdictionis</span> <span class='ocrx_word' id='word_1_298' title='bbox 1441 3592 1474 3649; x_wconf 90' lang='lat' dir='ltr'>et</span> <span class='ocrx_word' id='word_1_299' title='bbox 1498 3604 1515 3647; x_wconf 93' lang='lat' dir='ltr'>a</span> <span class='ocrx_word' id='word_1_300' title='bbox 1539 3581 1629 3648; x_wconf 90' lang='lat' dir='ltr'>mille</span> <span class='ocrx_word' id='word_1_301' title='bbox 1653 3581 1734 3648; x_wconf 91' lang='lat' dir='ltr'>altre</span> 
     </span>
     <span class='ocr_line' id='line_1_30' title="bbox 351 3683 1736 3776; baseline 0.002 -25"><span class='ocrx_word' id='word_1_302' title='bbox 351 3685 459 3752; x_wconf 79' lang='lat' dir='ltr'>nullitl</span> <span class='ocrx_word' id='word_1_303' title='bbox 482 3685 654 3768; x_wconf 88' lang='lat' dir='ltr'>subiacere,</span> <span class='ocrx_word' id='word_1_304' title='bbox 677 3687 825 3776; x_wconf 88' lang='lat' dir='ltr'>potriano</span> <span class='ocrx_word' id='word_1_305' title='bbox 850 3687 944 3753; x_wconf 91' lang='lat' dir='ltr'>etiam</span> <span class='ocrx_word' id='word_1_306' title='bbox 969 3683 1109 3752; x_wconf 89' lang='lat' dir='ltr'>laborare</span> <span class='ocrx_word' id='word_1_307' title='bbox 1132 3685 1210 3752; x_wconf 92' lang='lat' dir='ltr'>vitio</span> <span class='ocrx_word' id='word_1_308' title='bbox 1234 3686 1405 3774; x_wconf 87' lang='lat' dir='ltr'>iniquitatis</span> <span class='ocrx_word' id='word_1_309' title='bbox 1430 3697 1462 3753; x_wconf 95' lang='lat' dir='ltr'>et</span> <span class='ocrx_word' id='word_1_310' title='bbox 1485 3686 1676 3766; x_wconf 90' lang='lat' dir='ltr'>iniustitiae,</span> <span class='ocrx_word' id='word_1_311' title='bbox 1703 3698 1736 3754; x_wconf 90' lang='lat' dir='ltr'>et</span> 
     </span>
     <span class='ocr_line' id='line_1_31' title="bbox 351 3788 1734 3879; baseline 0.003 -24"><span class='ocrx_word' id='word_1_312' title='bbox 351 3789 449 3856; x_wconf 87' lang='lat' dir='ltr'>multa</span> <span class='ocrx_word' id='word_1_313' title='bbox 473 3789 530 3857; x_wconf 87' lang='lat' dir='ltr'>alia</span> <span class='ocrx_word' id='word_1_314' title='bbox 546 3810 678 3878; x_wconf 91' lang='lat' dir='ltr'>possent</span> <span class='ocrx_word' id='word_1_315' title='bbox 694 3813 895 3872; x_wconf 89' lang='lat' dir='ltr'>concurrere,</span> <span class='ocrx_word' id='word_1_316' title='bbox 919 3812 999 3879; x_wconf 88' lang='lat' dir='ltr'>quae</span> <span class='ocrx_word' id='word_1_317' title='bbox 1015 3788 1119 3856; x_wconf 90' lang='lat' dir='ltr'>dicere</span> <span class='ocrx_word' id='word_1_318' title='bbox 1135 3813 1201 3856; x_wconf 91' lang='lat' dir='ltr'>non</span> <span class='ocrx_word' id='word_1_319' title='bbox 1220 3813 1408 3878; x_wconf 91' lang='lat' dir='ltr'>possumus;</span> <span class='ocrx_word' id='word_1_320' title='bbox 1434 3791 1537 3878; x_wconf 85' lang='lat' dir='ltr'>perhb</span> <span class='ocrx_word' id='word_1_321' title='bbox 1560 3790 1734 3879; x_wconf 91' lang='lat' dir='ltr'>rispond0,</span> 
     </span>
     <span class='ocr_line' id='line_1_32' title="bbox 351 3893 1735 3985; baseline 0.003 -25"><span class='ocrx_word' id='word_1_322' title='bbox 351 3895 410 3960; x_wconf 83' lang='lat' dir='ltr'>clre</span> <span class='ocrx_word' id='word_1_323' title='bbox 434 3895 608 3981; x_wconf 90' lang='lat' dir='ltr'>procedere</span> <span class='ocrx_word' id='word_1_324' title='bbox 635 3919 692 3984; x_wconf 90' lang='lat' dir='ltr'>per</span> <span class='ocrx_word' id='word_1_325' title='bbox 720 3907 829 3985; x_wconf 87' lang='lat' dir='ltr'>questa</span> <span class='ocrx_word' id='word_1_326' title='bbox 852 3897 902 3962; x_wconf 90' lang='lat' dir='ltr'>via</span> <span class='ocrx_word' id='word_1_327' title='bbox 929 3893 969 3962; x_wconf 91' lang='lat' dir='ltr'>de</span> <span class='ocrx_word' id='word_1_328' title='bbox 996 3894 1156 3962; x_wconf 88' lang='lat' dir='ltr'>annullare</span> <span class='ocrx_word' id='word_1_329' title='bbox 1178 3908 1245 3962; x_wconf 89' lang='lat' dir='ltr'>acta</span> <span class='ocrx_word' id='word_1_330' title='bbox 1268 3917 1324 3983; x_wconf 91' lang='lat' dir='ltr'>per</span> <span class='ocrx_word' id='word_1_331' title='bbox 1350 3895 1472 3964; x_wconf 91' lang='lat' dir='ltr'>iudices</span> <span class='ocrx_word' id='word_1_332' title='bbox 1497 3910 1557 3965; x_wconf 88' lang='lat' dir='ltr'>etc.</span> <span class='ocrx_word' id='word_1_333' title='bbox 1582 3921 1654 3964; x_wconf 91' lang='lat' dir='ltr'>non</span> <span class='ocrx_word' id='word_1_334' title='bbox 1679 3921 1735 3964; x_wconf 88' lang='lat' dir='ltr'>me</span> 
     </span>
     <span class='ocr_line' id='line_1_33' title="bbox 350 3998 1736 4092; baseline 0.003 -26"><span class='ocrx_word' id='word_1_335' title='bbox 350 3998 470 4082; x_wconf 74' lang='lat' dir='ltr'>satisfit,</span> <span class='ocrx_word' id='word_1_336' title='bbox 499 4023 551 4067; x_wconf 89' lang='lat' dir='ltr'>ma</span> <span class='ocrx_word' id='word_1_337' title='bbox 580 4001 638 4068; x_wconf 91' lang='lat' dir='ltr'>che</span> <span class='ocrx_word' id='word_1_338' title='bbox 666 4002 778 4068; x_wconf 92' lang='lat' dir='ltr'>melius</span> <span class='ocrx_word' id='word_1_339' title='bbox 802 4013 851 4068; x_wconf 89' lang='lat' dir='ltr'>est</span> <span class='ocrx_word' id='word_1_340' title='bbox 873 4001 1005 4068; x_wconf 88' lang='lat' dir='ltr'>transire</span> <span class='ocrx_word' id='word_1_341' title='bbox 1034 4000 1091 4067; x_wconf 91' lang='lat' dir='ltr'>alla</span> <span class='ocrx_word' id='word_1_342' title='bbox 1113 4017 1196 4067; x_wconf 90' lang='lat' dir='ltr'>terra</span> <span class='ocrx_word' id='word_1_343' title='bbox 1218 3999 1416 4069; x_wconf 86' lang='lat' dir='ltr'>dubitatione</span> <span class='ocrx_word' id='word_1_344' title='bbox 1443 4002 1495 4069; x_wconf 89' lang='lat' dir='ltr'>vel</span> <span class='ocrx_word' id='word_1_345' title='bbox 1523 4003 1634 4092; x_wconf 88' lang='lat' dir='ltr'>potius</span> <span class='ocrx_word' id='word_1_346' title='bbox 1657 4025 1736 4091; x_wconf 93' lang='lat' dir='ltr'>pro-</span> 
     </span>
     <span class='ocr_line' id='line_1_34' title="bbox 350 4103 1736 4186; baseline 0.003 -14"><span class='ocrx_word' id='word_1_347' title='bbox 350 4105 485 4186; x_wconf 89' lang='lat' dir='ltr'>visione,</span> <span class='ocrx_word' id='word_1_348' title='bbox 516 4106 575 4173; x_wconf 90' lang='lat' dir='ltr'>che</span> <span class='ocrx_word' id='word_1_349' title='bbox 605 4105 759 4174; x_wconf 85' lang='lat' dir='ltr'>Sanctitas</span> <span class='ocrx_word' id='word_1_350' title='bbox 783 4107 897 4173; x_wconf 90' lang='lat' dir='ltr'>Vestra</span> <span class='ocrx_word' id='word_1_351' title='bbox 921 4116 1066 4172; x_wconf 88' lang='lat' dir='ltr'>avocaret</span> <span class='ocrx_word' id='word_1_352' title='bbox 1096 4103 1134 4171; x_wconf 89' lang='lat' dir='ltr'>ad</span> <span class='ocrx_word' id='word_1_353' title='bbox 1164 4127 1197 4172; x_wconf 90' lang='lat' dir='ltr'>se</span> <span class='ocrx_word' id='word_1_354' title='bbox 1222 4127 1348 4173; x_wconf 86' lang='lat' dir='ltr'>causam</span> <span class='ocrx_word' id='word_1_355' title='bbox 1380 4108 1474 4174; x_wconf 80' lang='lat' dir='ltr'>istam</span> <span class='ocrx_word' id='word_1_356' title='bbox 1508 4119 1540 4175; x_wconf 91' lang='lat' dir='ltr'>et</span> <span class='ocrx_word' id='word_1_357' title='bbox 1571 4106 1736 4176; x_wconf 87' lang='lat' dir='ltr'>inhiberet</span> 
     </span>
     <span class='ocr_line' id='line_1_35' title="bbox 350 4208 1735 4301; baseline 0.001 -23"><span class='ocrx_word' id='word_1_358' title='bbox 350 4209 590 4301; x_wconf 88' lang='lat' dir='ltr'>quibuscunque</span> <span class='ocrx_word' id='word_1_359' title='bbox 613 4208 777 4292; x_wconf 91' lang='lat' dir='ltr'>iudicibus,</span> <span class='ocrx_word' id='word_1_360' title='bbox 801 4233 842 4277; x_wconf 93' lang='lat' dir='ltr'>ne</span> <span class='ocrx_word' id='word_1_361' title='bbox 866 4209 904 4277; x_wconf 89' lang='lat' dir='ltr'>ad</span> <span class='ocrx_word' id='word_1_362' title='bbox 928 4209 1075 4278; x_wconf 86' lang='lat' dir='ltr'>ulteriora</span> <span class='ocrx_word' id='word_1_363' title='bbox 1098 4208 1319 4297; x_wconf 89' lang='lat' dir='ltr'>procederent,</span> <span class='ocrx_word' id='word_1_364' title='bbox 1348 4230 1379 4279; x_wconf 93' lang='lat' dir='ltr'>et</span> <span class='ocrx_word' id='word_1_365' title='bbox 1402 4209 1475 4279; x_wconf 91' lang='lat' dir='ltr'>farsi</span> <span class='ocrx_word' id='word_1_366' title='bbox 1499 4211 1635 4280; x_wconf 86' lang='lat' dir='ltr'>mandat</span> <span class='ocrx_word' id='word_1_367' title='bbox 1659 4215 1735 4283; x_wconf 88' lang='lat' dir='ltr'>tutti</span> 
     </span>
     <span class='ocr_line' id='line_1_36' title="bbox 350 4314 1736 4405; baseline 0.002 -21"><span class='ocrx_word' id='word_1_368' title='bbox 350 4318 415 4399; x_wconf 88' lang='lat' dir='ltr'>atti,</span> <span class='ocrx_word' id='word_1_369' title='bbox 441 4315 500 4383; x_wconf 90' lang='lat' dir='ltr'>che</span> <span class='ocrx_word' id='word_1_370' title='bbox 523 4337 607 4383; x_wconf 93' lang='lat' dir='ltr'>sono</span> <span class='ocrx_word' id='word_1_371' title='bbox 636 4315 703 4384; x_wconf 90' lang='lat' dir='ltr'>fatti</span> <span class='ocrx_word' id='word_1_372' title='bbox 734 4317 765 4382; x_wconf 94' lang='lat' dir='ltr'>in</span> <span class='ocrx_word' id='word_1_373' title='bbox 790 4325 900 4405; x_wconf 92' lang='lat' dir='ltr'>questa</span> <span class='ocrx_word' id='word_1_374' title='bbox 924 4338 1031 4397; x_wconf 85' lang='lat' dir='ltr'>causa,</span> <span class='ocrx_word' id='word_1_375' title='bbox 1059 4314 1088 4382; x_wconf 90' lang='lat' dir='ltr'>la</span> <span class='ocrx_word' id='word_1_376' title='bbox 1117 4314 1208 4403; x_wconf 88' lang='lat' dir='ltr'>quale</span> <span class='ocrx_word' id='word_1_377' title='bbox 1235 4337 1291 4404; x_wconf 89' lang='lat' dir='ltr'>per</span> <span class='ocrx_word' id='word_1_378' title='bbox 1316 4339 1420 4384; x_wconf 91' lang='lat' dir='ltr'>essere</span> <span class='ocrx_word' id='word_1_379' title='bbox 1448 4316 1547 4386; x_wconf 89' lang='lat' dir='ltr'>ardua</span> <span class='ocrx_word' id='word_1_380' title='bbox 1571 4339 1604 4387; x_wconf 93' lang='lat' dir='ltr'>et</span> <span class='ocrx_word' id='word_1_381' title='bbox 1628 4319 1676 4386; x_wconf 89' lang='lat' dir='ltr'>fra</span> <span class='ocrx_word' id='word_1_382' title='bbox 1705 4320 1736 4388; x_wconf 90' lang='lat' dir='ltr'>le</span> 
     </span>
     <span class='ocr_line' id='line_1_37' title="bbox 348 4419 1735 4514; baseline 0.002 -24"><span class='ocrx_word' id='word_1_383' title='bbox 348 4445 488 4511; x_wconf 88' lang='lat' dir='ltr'>persone</span> <span class='ocrx_word' id='word_1_384' title='bbox 512 4423 571 4489; x_wconf 88' lang='lat' dir='ltr'>che</span> <span class='ocrx_word' id='word_1_385' title='bbox 596 4425 623 4503; x_wconf 80' lang='grc' dir='ltr'>ὲ,</span> <span class='ocrx_word' id='word_1_386' title='bbox 648 4439 681 4490; x_wconf 91' lang='lat' dir='ltr'>et</span> <span class='ocrx_word' id='word_1_387' title='bbox 704 4419 812 4510; x_wconf 92' lang='lat' dir='ltr'>doppo</span> <span class='ocrx_word' id='word_1_388' title='bbox 837 4431 926 4488; x_wconf 84' lang='lat' dir='ltr'>tanto</span> <span class='ocrx_word' id='word_1_389' title='bbox 951 4439 1071 4508; x_wconf 87' lang='lat' dir='ltr'>tempo,</span> <span class='ocrx_word' id='word_1_390' title='bbox 1095 4420 1153 4487; x_wconf 89' lang='lat' dir='ltr'>che</span> <span class='ocrx_word' id='word_1_391' title='bbox 1177 4431 1290 4488; x_wconf 92' lang='lat' dir='ltr'>mutuo</span> <span class='ocrx_word' id='word_1_392' title='bbox 1306 4445 1341 4489; x_wconf 90' lang='lat' dir='ltr'>se</span> <span class='ocrx_word' id='word_1_393' title='bbox 1365 4421 1545 4492; x_wconf 90' lang='lat' dir='ltr'>habuerunt</span> <span class='ocrx_word' id='word_1_394' title='bbox 1565 4437 1735 4514; x_wconf 88' lang='lat' dir='ltr'>tamquam</span> 
     </span>
     <span class='ocr_line' id='line_1_38' title="bbox 349 4524 1736 4615; baseline 0.002 -19"><span class='ocrx_word' id='word_1_395' title='bbox 349 4529 397 4596; x_wconf 90' lang='lat' dir='ltr'>vir</span> <span class='ocrx_word' id='word_1_396' title='bbox 420 4541 452 4596; x_wconf 93' lang='lat' dir='ltr'>et</span> <span class='ocrx_word' id='word_1_397' title='bbox 475 4550 565 4610; x_wconf 88' lang='lat' dir='ltr'>uxor,</span> <span class='ocrx_word' id='word_1_398' title='bbox 590 4529 635 4594; x_wconf 90' lang='lat' dir='ltr'>mi</span> <span class='ocrx_word' id='word_1_399' title='bbox 661 4527 782 4615; x_wconf 88' lang='lat' dir='ltr'>pareria</span> <span class='ocrx_word' id='word_1_400' title='bbox 805 4549 868 4593; x_wconf 94' lang='lat' dir='ltr'>con</span> <span class='ocrx_word' id='word_1_401' title='bbox 898 4524 1001 4594; x_wconf 83' lang='lat' dir='ltr'>debita</span> <span class='ocrx_word' id='word_1_402' title='bbox 1028 4526 1202 4593; x_wconf 89' lang='lat' dir='ltr'>reverentia</span> <span class='ocrx_word' id='word_1_403' title='bbox 1225 4525 1383 4595; x_wconf 89' lang='lat' dir='ltr'>ricordare</span> <span class='ocrx_word' id='word_1_404' title='bbox 1411 4553 1429 4594; x_wconf 91' lang='lat' dir='ltr'>a</span> <span class='ocrx_word' id='word_1_405' title='bbox 1452 4529 1574 4598; x_wconf 91' lang='lat' dir='ltr'>Vostra</span> <span class='ocrx_word' id='word_1_406' title='bbox 1598 4531 1736 4614; x_wconf 72' lang='lat' dir='ltr'>Sentio,</span> 
     </span>
     <span class='ocr_line' id='line_1_39' title="bbox 349 4629 1735 4722; baseline 0.003 -20"><span class='ocrx_word' id='word_1_407' title='bbox 349 4636 408 4703; x_wconf 89' lang='lat' dir='ltr'>che</span> <span class='ocrx_word' id='word_1_408' title='bbox 432 4633 512 4702; x_wconf 87' lang='lat' dir='ltr'>facta</span> <span class='ocrx_word' id='word_1_409' title='bbox 534 4635 722 4700; x_wconf 89' lang='lat' dir='ltr'>avocatione</span> <span class='ocrx_word' id='word_1_410' title='bbox 745 4630 867 4719; x_wconf 89' lang='lat' dir='ltr'>predita</span> <span class='ocrx_word' id='word_1_411' title='bbox 890 4651 921 4698; x_wconf 92' lang='lat' dir='ltr'>et</span> <span class='ocrx_word' id='word_1_412' title='bbox 943 4642 1038 4718; x_wconf 93' lang='lat' dir='ltr'>posto</span> <span class='ocrx_word' id='word_1_413' title='bbox 1062 4629 1188 4698; x_wconf 89' lang='lat' dir='ltr'>silentio</span> <span class='ocrx_word' id='word_1_414' title='bbox 1212 4630 1451 4722; x_wconf 87' lang='lat' dir='ltr'>quibuscunque</span> <span class='ocrx_word' id='word_1_415' title='bbox 1480 4633 1642 4703; x_wconf 89' lang='lat' dir='ltr'>iudicibus</span> <span class='ocrx_word' id='word_1_416' title='bbox 1667 4637 1735 4706; x_wconf 85' lang='lat' dir='ltr'>fare</span> 
     </span>
     <span class='ocr_line' id='line_1_40' title="bbox 348 4733 1734 4832; baseline 0.001 -22"><span class='ocrx_word' id='word_1_417' title='bbox 348 4739 465 4810; x_wconf 90' lang='lat' dir='ltr'>vedere</span> <span class='ocrx_word' id='word_1_418' title='bbox 495 4738 768 4828; x_wconf 84' lang='lat' dir='ltr'>diligentemente,</span> <span class='ocrx_word' id='word_1_419' title='bbox 791 4735 837 4805; x_wconf 91' lang='lat' dir='ltr'>sel</span> <span class='ocrx_word' id='word_1_420' title='bbox 867 4735 1072 4803; x_wconf 88' lang='lat' dir='ltr'>matrimonio</span> <span class='ocrx_word' id='word_1_421' title='bbox 1095 4733 1127 4801; x_wconf 86' lang='lat' dir='ltr'>lu</span> <span class='ocrx_word' id='word_1_422' title='bbox 1150 4734 1251 4802; x_wconf 89' lang='lat' dir='ltr'>valide</span> <span class='ocrx_word' id='word_1_423' title='bbox 1281 4749 1458 4820; x_wconf 88' lang='lat' dir='ltr'>contratto‚</span> <span class='ocrx_word' id='word_1_424' title='bbox 1482 4751 1516 4807; x_wconf 88' lang='lat' dir='ltr'>et</span> <span class='ocrx_word' id='word_1_425' title='bbox 1547 4742 1580 4808; x_wconf 94' lang='lat' dir='ltr'>in</span> <span class='ocrx_word' id='word_1_426' title='bbox 1613 4755 1734 4832; x_wconf 89' lang='lat' dir='ltr'>questo</span> 
     </span>
     <span class='ocr_line' id='line_1_41' title="bbox 350 4839 1737 4934; baseline 0.001 -18"><span class='ocrx_word' id='word_1_427' title='bbox 350 4871 424 4916; x_wconf 92' lang='lat' dir='ltr'>caso</span> <span class='ocrx_word' id='word_1_428' title='bbox 448 4849 653 4934; x_wconf 89' lang='lat' dir='ltr'>interponere</span> <span class='ocrx_word' id='word_1_429' title='bbox 676 4843 704 4912; x_wconf 88' lang='lat' dir='ltr'>la</span> <span class='ocrx_word' id='word_1_430' title='bbox 727 4843 860 4912; x_wconf 74' lang='lat' dir='ltr'>autorita</span> <span class='ocrx_word' id='word_1_431' title='bbox 876 4863 941 4922; x_wconf 89' lang='lat' dir='ltr'>sua,</span> <span class='ocrx_word' id='word_1_432' title='bbox 966 4839 1024 4907; x_wconf 88' lang='lat' dir='ltr'>che</span> <span class='ocrx_word' id='word_1_433' title='bbox 1048 4841 1100 4928; x_wconf 83' lang='lat' dir='ltr'>pib</span> <span class='ocrx_word' id='word_1_434' title='bbox 1124 4863 1190 4906; x_wconf 92' lang='lat' dir='ltr'>non</span> <span class='ocrx_word' id='word_1_435' title='bbox 1214 4841 1240 4906; x_wconf 90' lang='lat' dir='ltr'>si</span> <span class='ocrx_word' id='word_1_436' title='bbox 1256 4841 1403 4928; x_wconf 89' lang='lat' dir='ltr'>parlasse,</span> <span class='ocrx_word' id='word_1_437' title='bbox 1428 4867 1480 4910; x_wconf 89' lang='lat' dir='ltr'>ma</span> <span class='ocrx_word' id='word_1_438' title='bbox 1501 4849 1737 4917; x_wconf 87' lang='lat' dir='ltr'>continuarent</span> 
     </span>
     <span class='ocr_line' id='line_1_42' title="bbox 349 4944 1737 5041; baseline 0 -18"><span class='ocrx_word' id='word_1_439' title='bbox 349 4955 381 5023; x_wconf 93' lang='lat' dir='ltr'>in</span> <span class='ocrx_word' id='word_1_440' title='bbox 406 4953 615 5022; x_wconf 89' lang='lat' dir='ltr'>matrimonio</span> <span class='ocrx_word' id='word_1_441' title='bbox 638 4950 779 5040; x_wconf 90' lang='lat' dir='ltr'>legitime</span> <span class='ocrx_word' id='word_1_442' title='bbox 796 4959 828 5015; x_wconf 89' lang='lat' dir='ltr'>et</span> <span class='ocrx_word' id='word_1_443' title='bbox 843 4944 924 5014; x_wconf 91' lang='lat' dir='ltr'>bene</span> <span class='ocrx_word' id='word_1_444' title='bbox 941 4956 1116 5026; x_wconf 86' lang='lat' dir='ltr'>contracto,</span> <span class='ocrx_word' id='word_1_445' title='bbox 1139 4945 1281 5013; x_wconf 86' lang='lat' dir='ltr'>secundo</span> <span class='ocrx_word' id='word_1_446' title='bbox 1301 4952 1411 5035; x_wconf 75' lang='lat' dir='ltr'>parerl</span> <span class='ocrx_word' id='word_1_447' title='bbox 1426 4973 1444 5016; x_wconf 89' lang='lat' dir='ltr'>a</span> <span class='ocrx_word' id='word_1_448' title='bbox 1460 4950 1582 5020; x_wconf 90' lang='lat' dir='ltr'>Vostra</span> <span class='ocrx_word' id='word_1_449' title='bbox 1598 4954 1737 5041; x_wconf 60' lang='lat' dir='ltr'>Santita</span> 
     </span>
    </p>
   </div>
   <div class='ocr_carea' id='block_1_6' title="bbox 0 0 1923 5532">
    <p class='ocr_par' dir='ltr' id='par_1_8' title="bbox 0 0 1923 5532">
     <span class='ocr_line' id='line_1_43' title="bbox 0 0 1923 5532; baseline 0 0"><span class='ocrx_word' id='word_1_450' title='bbox 0 0 1923 5532; x_wconf 95' lang='lat' dir='ltr'> </span> 
     </span>
    </p>
   </div>
  </div>
 </body>
</html>
