3782 5532
351 291 392 353 78
1572 305 1625 360 Mai
1647 319 1721 379 1529.

349 462 407 531 lica
430 461 512 545 fede,
536 461 557 528 il
579 461 638 530 che
661 483 728 528 non
752 484 804 529 era
827 473 910 530 stato
934 483 974 528 ne
998 459 1026 528 la
1050 460 1405 551 Constantinopolitanae
1434 463 1539 532 chiesa
1562 487 1666 555 neque
1688 467 1721 533 in

349 579 472 658 septem
497 567 635 636 ecclesiis
659 567 754 635 Asiae
777 590 833 656 per
855 566 884 635 le
909 566 979 634 loro
1003 566 1136 635 heresie.

455 675 493 743 Et
515 674 547 741 S.
571 673 616 740 M.
641 674 686 740 rni
713 672 796 740 disse
818 671 1018 756 finalmente,
1047 673 1107 740 che
1128 673 1211 742 bene
1240 675 1394 744 sentiebat
1422 694 1453 744 et
1477 677 1535 744 che
1563 699 1616 746 era
1638 689 1721 746 stato

349 791 381 848 et
403 780 485 847 seria
508 801 633 868 sempre
656 777 721 845 bon
746 779 905 861 cristiano,
930 801 981 846 ma
1005 778 1063 846 che
1086 781 1131 846 mi
1154 779 1252 847 havea
1275 779 1386 847 voluto
1411 781 1576 865 conferire,
1600 794 1720 872 quanto

349 884 471 954 d’altrui
494 884 537 972 gli
561 907 613 952 era
636 883 743 968 dett03
772 896 804 951 et
827 907 861 951 se
885 886 917 951 io
940 906 982 951 ne
1005 884 1122 952 volero
1146 887 1280 953 scrivere
1305 909 1322 952 a
1345 887 1459 968 Roma,
1483 911 1535 954 era
1558 900 1721 972 contenta,

348 1014 414 1059 non
439 993 516 1080 pero
540 1013 596 1079 per
619 989 710 1058 udito
734 989 772 1058 da
795 989 823 1058 la
846 989 944 1057 bocca
968 1013 1032 1058 sua.
1079 992 1207 1059 Atutto
1232 990 1263 1059 fu
1287 1011 1434 1080 presente
1458 991 1478 1059 il
1502 993 1597 1062 Rmo.
1623 994 1721 1062 cardi-

347 1097 428 1181 nale,
451 1097 471 1164 il
495 1096 596 1186 quale,
622 1097 735 1185 poiche
759 1095 884 1163 summo
903 1097 1017 1184 partiti,
1042 1097 1087 1163 rni
1109 1098 1262 1185 ringratid
1286 1110 1317 1166 et
1341 1098 1536 1168 commendo
1561 1100 1664 1168 molto
1688 1099 1721 1168 di

346 1204 408 1271 tale
431 1201 545 1272 offitio,
594 1204 637 1270 »E
661 1204 704 1269 mi
729 1201 811 1270 disse
837 1201 907 1270 delli
931 1201 1045 1270 libretti
1069 1204 1221 1287 ritrovati,
1245 1216 1277 1272 et
1300 1203 1358 1271 che
1382 1206 1413 1270 in
1439 1207 1498 1273 essi
1521 1206 1546 1272 si
1568 1218 1721 1274 contene-

347 1313 430 1377 vano
455 1309 485 1376 di
509 1308 590 1376 male
610 1333 684 1376 cose
708 1321 740 1376 et
762 1328 808 1376 tra
823 1308 932 1392 l'altre,
957 1308 1016 1376 che
1031 1320 1207 1378 toccavano
1232 1323 1263 1379 et
1280 1308 1484 1378 l'obedientia
1506 1310 1536 1378 di
1553 1313 1719 1400 superiori,

347 1427 379 1483 et
402 1414 460 1482 che
489 1416 568 1482 saria
595 1414 690 1496 benc,
720 1426 812 1482 notar
834 1416 907 1482 tutti
935 1415 957 1481 li
980 1417 1063 1502 capi,
1093 1417 1173 1483 etsi
1202 1414 1351 1483 sforzeria
1380 1415 1411 1483 di
1440 1415 1567 1484 indurre
1596 1417 1616 1484 il
1643 1441 1720 1486 rea

347 1520 456 1608 pigliar
483 1521 511 1588 la
534 1544 638 1609 penna
667 1533 699 1588 et
721 1519 920 1609 risponderli,
950 1543 1044 1588 corne
1071 1519 1139 1588 fece
1168 1520 1218 1588 del
1245 1520 1324 1589 altro
1353 1520 1444 1604 libro,
1471 1521 1582 1591 aiche
1609 1522 1642 1590 lo
1666 1546 1719 1591 ex-

347 1628 449 1695 hortai
473 1646 503 1696 et
526 1628 675 1695 inanimai
699 1625 831 1694 molto«

452 1750 608 1840 (Londini
630 1775 661 1837 4.
686 1749 789 1839 aprilis
817 1749 929 1840 1529.)

974 1856 1016 1922 Di
1038 1857 1079 1922 V.
1104 1856 1251 1944 Signoria

925 1963 970 2029 uti
993 1959 1074 2028 filius
1098 1960 1312 2029 deditissimus

1247 2069 1281 2134 L.
1307 2068 1379 2135 Cor.
1405 2067 1608 2158 Campegius.

555 2228 640 2283 Nunz.
660 2228 685 2280 di
704 2227 795 2283 Germ.
812 2243 840 2297 53
862 2225 1069 2296 sol.170-171,
1087 2225 1244 2297 Aurrasung
1263 2227 1309 2281 der
1321 2226 1531 2282 GeheImschrist
1549 2228 1603 2282 das.
1624 2227 1641 2283 s.
1657 2244 1715 2299 172.

450 2317 568 2372 Theiner
585 2317 631 2370 hat
650 2315 696 2370 das
715 2332 799 2387 ganze
813 2315 893 2370 Stuclr
911 2314 1093 2385 ubergangen,
1112 2313 1262 2383 Laemmer,
1281 2333 1305 2387 p.
1323 2331 1348 2385 31
1372 2333 1398 2371 n.
1412 2315 1454 2382 26,
1472 2316 1582 2371 halden
1601 2318 1716 2371 zweiten

450 2406 518 2472 Teil,
543 2404 589 2458 der
613 2405 676 2458 tiber
699 2403 741 2458 die
765 2403 928 2458 Lutheraner
953 2402 1074 2471 handelt,
1099 2403 1272 2474 abgedruclrr‚
1297 2404 1360 2458 aber
1383 2405 1454 2459 ohne
1478 2405 1529 2459 den
1553 2403 1715 2460 chilinerten

449 2491 561 2549 Schluss.
593 2491 671 2546 Nach
690 2493 736 2546 der
754 2493 868 2546 zweiten
886 2490 976 2546 Hilsee
994 2492 1065 2545 steht
1083 2493 1120 2544 irn
1140 2490 1261 2562 Original
1278 2492 1339 2546 lein
1357 2492 1465 2559 Datum,
1484 2493 1547 2546 aber
1565 2495 1592 2547 in
1611 2495 1715 2548 seinem

447 2580 688 2652 nichslfolgeoden
708 2581 853 2635 Schreiben
877 2580 950 2651 giebt
969 2579 1139 2651 Campeggio
1164 2579 1226 2634 dem
1244 2580 1442 2635 vorslehenden
1466 2581 1511 2634 das
1531 2582 1631 2636 Datum
1650 2599 1713 2636 vorn

446 2685 471 2736 4.
486 2668 569 2742 April.
605 2669 668 2724 Man
686 2669 769 2740 vergl.
789 2665 872 2722 damit‘
889 2668 932 2722 die
950 2685 1004 2722 von
1022 2668 1044 2739 J.
1058 2669 1091 2722 A.
1106 2667 1218 2736 Froude,
1238 2668 1305 2724 Hist.
1325 2667 1356 2723 of
1370 2668 1448 2740 Eugl.
1468 2669 1487 2723 1.
1506 2671 1578 2740 ιο41ς
1599 2670 1714 2724 wieder·

447 2758 589 2831 gegebene
607 2757 758 2828 Erzihlung
776 2774 823 2811 aus
842 2756 864 2828 J.
884 2755 970 2810 Foxes
990 2757 1055 2810 Acts
1074 2756 1126 2810 and
1144 2755 1316 2811 Monumenrs
1334 2757 1381 2811 IV.
1401 2755 1460 2826 658.

996 2935 1055 3017 41.

492 3094 729 3182 Campeggio
754 3117 793 3160 an
816 3093 888 3178 Jac.
912 3091 1078 3160 Salviati.
1125 3091 1274 3175 London,
1302 3113 1350 3160 12.
1375 3093 1439 3160 Mai
1468 3112 1560 3179 1529.

448 3255 582 3311 Nachwer's
605 3252 794 3306 verschiedener
815 3251 965 3324 Depeschen,
990 3251 1083 3321 Klagc,
1107 3251 1166 3321 dass
1188 3269 1249 3305 nean
1272 3251 1316 3304 r'bn
1338 3267 1366 3305 so
1389 3253 1467 3322 lange
1489 3253 1551 3305 ohne
1575 3253 1714 3308 Nochriclrt

341 3349 411 3402 lasse.
450 3344 575 3414 Meidung
597 3342 644 3395 der
666 3340 807 3412 englischen
829 3339 972 3394 Gesondten
995 3357 1040 3393 aus
1066 3338 1175 3406 Spaniea
1199 3340 1259 3393 aber
1281 3341 1327 3393 dos
1351 3339 1534 3411 Dispensbreve
1556 3341 1648 3410 Julircr'
1669 3341 1713 3408 11,

341 3436 405 3490 nach
424 3434 548 3506 Pfingsten
566 3431 624 3484 will
641 3446 702 3484 mon
720 3431 748 3482 in
760 3429 882 3499 England
899 3430 947 3482 mil
964 3429 1020 3481 dem
1035 3427 1273 3498 Proaesroerfalrren
1291 3428 1422 3499 legionen.
1460 3427 1562 3498 Klagen
1576 3428 1713 3484 Heinrichs

340 3525 394 3578 uad
410 3523 519 3592 Wolseys
536 3521 597 3574 uber
614 3519 657 3572 die
668 3517 838 3588 Hiereigung
855 3518 898 3570 des
912 3517 1011 3589 Papsles
1030 3533 1086 3586 rum
1101 3517 1202 3581 Kaiser,
1222 3516 1430 3587 Recbtfertigung
1449 3513 1528 3569 durch
1545 3515 1711 3590 Campeggr'o.

343 3615 413 3668 Neue
434 3608 626 3678 Gesandlschafl
650 3606 714 3660 nach
733 3607 804 3660 Rom.
842 3604 1112 3675 Friedensvorschldge
1135 3605 1188 3657 und
1206 3603 1365 3676 Diplomotr'e
1384 3603 1463 3657 Xarls
1480 3603 1517 3669 V,
1540 3604 1652 3658 dunelm
1673 3607 1713 3660 ber*

340 3705 388 3757 den
405 3699 576 3754 Verbrindeten
594 3697 636 3749 die
649 3694 750 3748 Absichr
768 3712 845 3746 neuer
858 3694 1014 3763 Rrislungen,
1032 3711 1075 3745 um
1089 3692 1145 3745 dem
1160 3692 1260 3758 Kaiser,
1279 3711 1352 3745 wenn
1371 3711 1399 3744 er
1418 3691 1481 3744 nach
1494 3691 1587 3745 Italica
1605 3693 1711 3758 homme,

339 3790 439 3861 kraftig
456 3791 659 3859 entgegentreten
677 3801 707 3853 (u
725 3783 824 3836 konnen
829 3801 839 3846 ;
865 3783 925 3835 aber
943 3783 971 3834 in
990 3781 1112 3853 England
1129 3781 1201 3834 dreht
1219 3781 1270 3834 sich
1288 3781 1351 3834 alles
1369 3799 1411 3834 rem
1430 3781 1472 3834 die
1490 3779 1622 3847 Ehesarhe,
1640 3787 1711 3836 sarire

339 3881 407 3933 diese
426 3875 490 3930 nach
506 3873 614 3927 Wunsch
632 3872 749 3942 erledigt,
771 3871 860 3923 warde
878 3887 938 3924 man
957 3871 1015 3922 don
1038 3877 1112 3922 uerter
1131 3871 1198 3922 allen
1222 3869 1374 3924 Umstrinden
1399 3887 1455 3939 rum
1474 3868 1584 3922 Frieden
1605 3873 1709 3942 geneigl

339 3969 400 4020 sein.
433 3964 592 4034 Werbungm
609 3961 652 4014 des
664 3959 774 4034 ‚Kaisers
793 3961 820 4012 in
838 3959 887 4012 den
908 3958 1106 4022 Niederlanden,
1125 3957 1339 4028 Vorbereituogen
1356 3958 1479 4011 desselben
1497 3975 1543 4026 (ur
1557 3957 1628 4012 Reise
1647 3958 1711 4013 nach

341 4055 441 4110 italien.
479 4052 534 4105 Der
552 4048 658 4119 Biscboj
671 4065 722 4102 von
741 4047 868 4118 Bayonne.
906 4046 1042 4101 Nochmals
1059 4047 1101 4099 die
1122 4045 1496 4118 Gesaadtschustsprovisionen.

443 4193 489 4260 Le
516 4190 627 4260 lettere
655 4189 686 4257 di
708 4189 826 4256 Vostra
857 4188 1004 4276 Signoria
1034 4185 1065 4254 di
1094 4186 1173 4253 XIX
1203 4185 1233 4253 di
1262 4191 1390 4254 marzo¹
1423 4193 1627 4275 c'omparsero
1657 4185 1707 4256 alli

339 4301 447 4370 XVIII
476 4298 508 4367 di
536 4295 645 4387 aprile,
680 4293 738 4362 alle
765 4293 847 4384 quali
876 4295 977 4382 prima
1007 4315 1074 4359 non
1103 4292 1147 4360 ho
1176 4291 1254 4360 fatto
1282 4293 1431 4380 risposta,
1460 4290 1646 4381 aspectando
1676 4291 1706 4361 di

337 4411 454 4498 giorno
477 4407 510 4473 in
533 4405 661 4493 giorno,
684 4401 743 4469 che
759 4401 783 4468 si
808 4401 980 4490 spacciasse
1004 4398 1118 4466 alcuno
1141 4397 1173 4465 di
1196 4399 1249 4488 qui
1272 4421 1327 4487 per
1342 4398 1469 4466 Francia
1494 4422 1515 4466 o
1538 4421 1595 4487 per
1610 4399 1705 4482 Italia,

337 4515 359 4583 il
382 4513 440 4582 che
463 4513 564 4602 prima
585 4531 653 4576 non
675 4509 701 4575 si
726 4511 743 4574 e
766 4506 855 4589 fatto,
883 4505 1006 4574 benche
1029 4507 1061 4572 io
1085 4528 1152 4571 non
1176 4505 1299 4572 havessi
1322 4507 1400 4594 perb
1423 4503 1526 4572 molto
1550 4505 1609 4572 clre
1633 4507 1706 4573 scri-

337 4644 422 4703 vere,
446 4616 593 4687 havendo
617 4616 727 4684 scritto
750 4613 771 4680 il
794 4625 877 4682 tutto
901 4635 956 4702 per
979 4610 1054 4679 altre
1079 4611 1157 4693 mie,
1183 4609 1275 4678 dele
1299 4610 1380 4700 quali
1403 4610 1430 4678 le
1454 4611 1565 4679 ultime
1588 4609 1705 4678 furono

337 4727 370 4795 di
391 4726 437 4794 IV
461 4723 513 4793 del
534 4732 670 4812 passato,
693 4733 725 4790 et
747 4742 810 4788 con
834 4737 943 4811 questa
966 4741 1006 4786 ne
1030 4719 1098 4785 sard
1120 4715 1148 4784 la
1171 4715 1362 4806 dupplicata,
1392 4739 1508 4784 ancora
1531 4717 1616 4784 ch'io
1638 4740 1705 4784 non

336 4871 545 4883 ....—----—-

444 4935 621 5008 ¹(Ruscelli),
641 4935 709 4988 Lett.
729 4934 755 4987 di
773 4932 869 4988 diversi
888 4940 939 4986 aut.
960 4929 1040 4985 eccel
1060 4949 1086 5002 p.
1105 4933 1138 4984 ⁶2
1158 4947 1205 5002 sq,
1225 4930 1370 4986 Porcacchi
1389 4929 1405 4985 l.
1425 4947 1446 4984 c.
1467 4928 1483 4984 s.
1504 4930 1545 4988 28.
