3850 5534
337 253 358 318 4
1562 260 1614 338 Juli
1634 279 1709 340 1527.

336 427 414 495 haec
437 425 565 494 saevitia
580 422 708 492 ulterius
724 422 944 512 progrediatur
959 426 1100 514 impune,
1124 424 1361 494 decernendum
1386 437 1443 508 est,
1468 437 1499 494 et
1522 428 1555 493 in
1571 425 1708 516 aliquem

335 532 442 602 locum
473 531 645 599 convenire
673 540 816 617 oportet,
847 541 882 598 ut
910 530 986 598 dum
1016 555 1088 619 spes
1116 531 1218 621 aliqua
1248 544 1406 620 superest,
1434 532 1521 622 qnod
1550 535 1709 622 optimum

335 638 418 707 factu
442 636 607 720 videbitur,
632 635 663 702 id
687 658 781 727 quam
798 634 1038 723 diligentissime
1055 648 1216 705 statuatur.
1263 637 1331 724 Ego
1348 661 1425 706 vero
1450 639 1508 706 etsi
1529 637 1708 724 indignum,

336 744 650 814 observantissimum
678 753 786 808 tamen
809 741 840 809 S.
865 745 903 810 ll.
927 743 960 809 E.
991 741 1170 810 membrum
1200 742 1373 811 nullatum
1397 745 1491 811 maris
1514 762 1581 812 tum
1607 757 1708 813 terrae

336 851 488 942 pericula,
520 848 624 916 nullos
658 859 812 935 sumptus,
848 847 952 915 nullos
981 847 1103 916 labores
1139 848 1386 936 subterfugiens,
1421 848 1539 917 nnllam
1571 849 1708 940 denique

336 958 444 1025 aetatis
473 977 564 1024 meae
592 965 624 1022 et
651 952 841 1020 habitudinis
869 955 1026 1022 rationem
1055 953 1189 1036 habens,
1217 966 1251 1022 ut
1278 953 1318 1022 de
1350 955 1407 1022 hac
1435 979 1468 1023 re
1496 979 1569 1023 cum
1594 956 1708 1024 Vestra

336 1065 426 1132 Rma.
455 1062 687 1129 Dominatione
719 1061 893 1150 ceterisque
928 1059 1135 1128 confratribus
1169 1073 1300 1129 tractare
1336 1063 1472 1149 possim,
1509 1063 1541 1128 in
1574 1061 1706 1130 Galliam

336 1167 523 1258 propediem
552 1190 605 1232 me
633 1165 796 1234 conferam
824 1189 927 1256 neque
952 1190 1003 1234 me
1028 1167 1099 1234 huic
1127 1168 1231 1235 itineri
1259 1179 1379 1234 temere
1409 1169 1587 1256 accingam;
1617 1167 1708 1236 effeci

337 1277 438 1357 enim,
469 1285 503 1341 ut
527 1273 751 1342 invictissimus
774 1273 936 1339 Dominus
959 1295 1049 1340 meus
1075 1296 1142 1356 rex,
1167 1273 1255 1340 cuius
1278 1275 1310 1340 in
1334 1274 1513 1342 Romanam
1541 1272 1707 1342 ecclesiam

336 1383 434 1471 pietas
459 1379 572 1448 clarior
589 1376 776 1466 iampridem
793 1392 887 1460 extat,
904 1401 998 1467 quam
1015 1391 1049 1446 ut
1067 1379 1135 1446 ullis
1153 1397 1244 1466 egeat
1261 1381 1466 1466 argumentis,
1489 1381 1585 1448 vitam
1605 1382 1707 1469 ipsam

336 1486 454 1555 nedum
479 1508 568 1574 opes,
592 1507 668 1574 quas
692 1506 709 1549 a
732 1483 805 1551 Deo
829 1494 972 1571 acceptas
995 1481 1076 1551 illins
1100 1507 1210 1552 causae
1234 1508 1268 1551 se
1293 1483 1407 1553 debere
1430 1484 1554 1569 fatetur,
1576 1485 1707 1574 profun-

336 1591 410 1662 dere
438 1614 505 1659 non
533 1601 672 1673 recuset;
702 1591 885 1658 universum
913 1607 1018 1657 autem
1047 1589 1128 1656 illius
1162 1589 1395 1658 nobilissimum
1423 1614 1557 1680 regnum
1586 1604 1706 1660 tantam

336 1718 497 1787 acceptam
526 1695 647 1765 cladem
678 1695 784 1763 effusis
815 1695 983 1784 lachrymis
1007 1695 1193 1786 sublatoque
1222 1695 1260 1764 ad
1283 1698 1389 1765 Deum
1417 1710 1548 1786 pectore
1575 1697 1707 1788 indigne

335 1805 439 1874 ferens
463 1803 506 1870 illi
529 1800 736 1890 corrigendae
767 1802 812 1868 sic
835 1799 983 1885 afficitur,
1012 1813 1046 1869 nt
1070 1800 1110 1870 de
1134 1825 1244 1870 eornm
1275 1826 1371 1890 opera
1399 1805 1536 1871 maxima
1563 1828 1707 1894 quaeque

335 1909 427 1979 nobis
449 1909 590 1999 polliceri
614 1930 776 1998 queamus.
824 1907 1131 1975 Christianissimum
1162 1933 1246 1976 nunc
1270 1909 1434 1976 Gallorum
1463 1932 1588 1998 regem,
1618 1912 1705 1978 cuius

334 2039 408 2086 vere
447 2014 638 2083 catholicum
678 2015 819 2081 animum
856 2012 1142 2102 exploratissimum
1176 2014 1296 2098 habeo,
1331 2037 1426 2104 quam
1465 2015 1706 2103 diligentissime

332 2143 465 2212 possum
489 2120 648 2189 accedam.
695 2119 843 2207 Superest
866 2120 971 2208 igitur,
997 2131 1029 2186 ut
1053 2121 1085 2186 in
1110 2120 1276 2209 hocopus
1301 2123 1445 2189 omnium
1470 2122 1627 2210 imprimis
1650 2146 1705 2189 ne-

333 2229 502 2296 cessarium
525 2227 639 2294 Vestra
663 2225 751 2294 Rma.
775 2227 965 2312 quinatio
996 2227 1155 2315 ceterique
1179 2226 1352 2295 confratres
1376 2229 1475 2295 nostri
1505 2229 1571 2316 pari
1597 2227 1704 2296 studio

332 2353 426 2424 atque
450 2332 562 2400 ardore
586 2353 713 2398 mecum
731 2341 921 2399 concurrant
937 2351 968 2398 et
984 2329 1023 2398 ad
1037 2329 1174 2421 aliquem
1189 2332 1296 2401 locum
1313 2331 1418 2400 eidem
1435 2333 1610 2402 Christmo.
1626 2337 1705 2422 regi,

331 2439 384 2507 nbi
408 2461 469 2528 ego
493 2459 621 2527 quoque
645 2434 752 2519 ader0,
776 2437 964 2504 viciniorem
988 2439 1160 2504 convenire
1184 2437 1297 2522 velint,
1327 2462 1391 2528 quo
1420 2462 1461 2506 eo
1484 2452 1650 2528 praesente
1673 2453 1705 2508 et

331 2547 457 2613 iuvante
481 2541 520 2610 de
544 2543 592 2609 his
613 2541 707 2610 rebus
730 2544 889 2630 possimus
907 2542 1109 2611 commodius
1128 2542 1371 2634 diligentiusque
1395 2563 1542 2629 tractare;
1566 2545 1703 2636 quodsi

331 2649 433 2720 facere
458 2649 572 2716 Vestra
595 2648 686 2716 Rma.
711 2649 899 2715 Dominatio
928 2649 1062 2716 minime
1083 2651 1284 2732 recusaverit,
1309 2661 1426 2718 certam
1454 2649 1602 2719 fiduciam
1627 2675 1704 2720 con-

331 2758 433 2846 cipiat,
458 2755 561 2823 forma
584 2755 686 2822 adhuc
710 2755 788 2822 sacri
812 2754 935 2843 collegii
961 2757 1126 2844 superstite
1152 2775 1183 2822 et
1206 2756 1357 2824 membris
1380 2755 1498 2824 afflicto
1522 2758 1615 2846 capiti
1631 2780 1703 2846 sup·

331 2863 430 2952 petias
459 2859 632 2930 ferentibus
662 2883 712 2928 res
742 2860 829 2929 brevi
858 2883 896 2928 ex
925 2862 1071 2929 omnium
1102 2863 1258 2930 sententia
1293 2860 1472 2930 felicissime
1504 2887 1703 2931 successuras

331 2992 410 3052 esse,
434 2965 706 3058 quemadmodum
723 2966 865 3033 animum
889 2989 982 3054 super
998 2967 1047 3033 his
1063 2979 1208 3034 nostrum
1226 2991 1264 3036 ex
1281 2967 1459 3037 Reverendi
1475 2970 1610 3037 Domini
1630 2993 1703 3058 pro-

330 3073 481 3142 tonotarii
505 3072 690 3154 Gambarae,
714 3071 746 3140 S.
770 3072 811 3140 D.
835 3072 877 3140 N.
901 3073 1004 3139 nuntii
1027 3071 1136 3140 litteris
1161 3074 1321 3161 copiosius
1345 3093 1531 3162 cognoscet.
1571 3075 1703 3165 Reliqua

332 3203 439 3249 coram
471 3178 688 3259 tractabimus,
719 3189 751 3244 et
781 3180 903 3266 optime
932 3177 1033 3245 valeat
1062 3178 1152 3246 Rma.
1188 3180 1376 3248 Dominatio
1409 3178 1539 3263 Vestra,
1571 3182 1620 3253 cui
1650 3203 1702 3249 me

331 3284 509 3354 humillime
534 3282 741 3352 commendo.
1315 3357 1339 3422 Ε
1373 3356 1404 3422 V
1440 3356 1467 3424 R
1501 3356 1532 3424 D

437 3389 575 3460 L⁰¹¹dl¹¹i
598 3389 649 3458 die
677 3409 725 3457 ¹²·
748 3389 818 3474 lulli
848 3408 940 3476 ¹5²7'
1245 3461 1450 3529 Humillimus
1473 3461 1614 3530 Servitor

1295 3567 1336 3635 T.
1362 3567 1433 3636 Car.
1457 3567 1552 3635 Ebor.

540 3690 620 3744 Arch.
640 3689 724 3744 Vatic.
744 3689 819 3745 Ann.
839 3689 909 3744 VIII.
930 3688 994 3744 Ord.
1011 3691 1029 3745 l.
1054 3689 1107 3744 vol.
1127 3706 1142 3744 2
1167 3709 1191 3762 p.
1216 3692 1257 3762 98.
1296 3689 1380 3762 Orig,
1405 3690 1512 3762 Papier,
1536 3691 1582 3745 das
1607 3694 1703 3748 zweite

434 3779 504 3833 Blatt
517 3781 565 3833 mit
585 3778 631 3832 der
649 3778 766 3833 Adresse
785 3778 856 3832 starlr
873 3778 1038 3848 beschadigt,
1058 3778 1120 3831 aber
1138 3777 1181 3832 dic
1196 3777 1293 3834 Schrift
1308 3789 1355 3850 gut
1375 3778 1502 3834 erhalten.
1531 3777 1597 3834 ibid.
1611 3799 1636 3852 p.
1653 3797 1704 3836 roo

435 3868 505 3922 steht
519 3867 579 3920 eine
592 3873 656 3937 gnte
675 3865 762 3937 Kopie
781 3865 829 3920 des
848 3865 967 3922 Stuclres.
1003 3865 1053 3920 Ein
1072 3865 1172 3920 lrleiner
1190 3867 1322 3920 Bruchteil
1342 3867 1469 3938 gedruclrt
1489 3868 1531 3920 bei
1550 3866 1702 3936 Laemmer,

435 3954 510 4010 Mon.
529 3953 616 4008 Vatic.
636 3972 661 4024 p.
682 3969 723 4023 23.

533 4147 649 4214 Fcanz
671 4149 695 4215 I.
720 4170 759 4214 an
782 4147 877 4215 Kard.
902 4085 1064 4216 Ridolli.
1111 4148 1206 4231 Paris,
1233 4169 1283 4235 25.
1307 4148 1368 4235 Juli
1395 4168 1489 4236 1527.

436 4269 555 4326 Gleicben
583 4269 694 4326 Inbelles
719 4273 769 4324 wie
795 4272 837 4324 die
863 4271 949 4324 beiden
977 4271 1171 4337 vorstehenden,
1199 4275 1246 4326 mit
1276 4273 1426 4344 Einladung
1458 4274 1504 4328 der
1528 4277 1702 4332 italienischm

329 4361 474 4415 Kardiadlc
491 4359 556 4414 nach
575 4358 706 4431 Avignoa.

434 4466 616 4532 franciscus
641 4464 680 4532 D.
710 4486 740 4552 g.
771 4463 965 4532 Francorum
993 4488 1048 4533 rex
1077 4465 1172 4534 Rmo.
1201 4467 1234 4533 in
1266 4465 1396 4535 Christo
1425 4469 1508 4536 Patri
1538 4469 1570 4537 S.
1603 4471 1642 4540 R.
1666 4472 1702 4539 E.

328 4571 474 4640 cardinali
504 4569 586 4638 tituli
619 4571 651 4637 S.
680 4571 747 4637 Viti
776 4571 809 4635 in
838 4570 971 4637 macello
1007 4573 1172 4639 martirum
1206 4575 1311 4640 amico
1341 4584 1453 4641 nostro
1483 4575 1615 4643 Carmo,
1646 4577 1701 4645 sal.

327 4678 413 4746 Cum
437 4676 477 4744 de
501 4677 677 4744 miserrima
700 4673 784 4742 urbis
809 4673 896 4742 clade
919 4674 1046 4744 allatum
1070 4676 1161 4744 nobis
1186 4691 1269 4746 esset
1284 4681 1432 4748 nuntium
1449 4681 1701 4767 acerbissimum,

327 4802 361 4850 ut
385 4781 597 4850 detestabilius
621 4780 743 4848 nullum
767 4797 840 4868 post
865 4780 1050 4850 christianae
1074 4781 1237 4871 religionis
1265 4785 1344 4852 iacta
1367 4784 1573 4856 fundamenta
1602 4807 1703 4876 patra·

327 4900 394 4958 tum
427 4899 510 4956 extat
538 4886 673 4969 facinus,
704 4887 746 4954 ita
774 4887 917 4952 animum
945 4900 1092 4955 nostrum
1122 4888 1225 4956 nullus
1254 4913 1393 4980 unquam
1422 4905 1475 4960 aut
1505 4894 1617 4961 iustior
1649 4908 1703 4964 aut
