3810 5528
316 257 379 324 208
1401 277 1466 339 Acta
1486 273 1687 340 consistorialis.

314 438 471 527 aequitate
488 458 557 508 esse
573 451 693 508 tantam
710 437 894 510 dilationem
919 437 1073 532 temporis
1089 439 1224 511 dandam
1249 439 1287 512 ad
1304 441 1441 532 publicas
1458 443 1687 533 disputationes

314 543 482 626 faciendas,
507 546 594 634 quod
610 560 742 634 possent
758 550 923 635 peritiores
939 549 1044 617 ltaliae
1059 551 1201 618 instructi
1225 552 1424 619 intervenire.
1463 551 1688 618 Sanctissimus

314 649 354 718 de
378 651 513 718 consilio
536 665 567 720 et
597 675 725 720 assensu
751 653 919 722 Rmorum.
944 657 1097 738 decrevit,
1126 655 1310 724 dilationem
1335 656 1470 724 dandam
1495 681 1563 724 esse
1587 681 1689 747 usque

313 757 352 825 ad
382 760 628 826 sacratissimum
659 759 774 827 festum
807 761 999 849 Epiphaniae
1029 765 1175 850 proxime
1205 775 1373 830 venturum
1405 763 1555 830 inclusive
1585 763 1623 830 nd
1653 787 1688 830 se

313 864 562 953 praeparandum
587 888 646 952 pro
670 865 883 954 disputatione
907 867 1029 956 publice
1052 867 1203 938 facienda.
1242 869 1287 936 Ita
1309 868 1396 958 quod
1420 871 1519 956 prima
1539 869 1590 936 die
1613 889 1687 958 post

313 968 433 1037 dictum
456 968 573 1037 festum
597 972 660 1038 sint
683 975 779 1060 parati
804 973 842 1039 ad
866 973 1088 1062 disputandum
1113 973 1245 1062 publice,
1270 994 1303 1043 ut
1319 977 1468 1063 primum,
1492 988 1524 1043 et
1547 977 1615 1042 sine
1631 998 1688 1062 spe

314 1075 470 1143 ulterioris
495 1074 663 1144 dilationis.
711 1077 768 1166 (A.
793 1078 813 1145 f.
843 1079 932 1168 192.)

419 1183 543 1251 Romae
567 1181 617 1250 die
641 1184 725 1250 VIII.
751 1187 879 1253 ianuarii
907 1205 989 1272 1532
1013 1186 1070 1254 fuit
1094 1188 1335 1268 consistorium,
1365 1189 1396 1252 in
1420 1210 1485 1276 quo
1509 1188 1690 1274 comparuit

313 1301 422 1356 orator
439 1289 582 1356 Caesaris
606 1312 678 1357 cum
696 1291 780 1358 Duo
798 1291 867 1358 Ioh.
885 1292 1019 1381 Aloysio
1043 1291 1199 1360 advocato
1223 1294 1350 1380 reginae
1373 1292 1507 1381 Angliae
1532 1305 1563 1360 et
1586 1293 1688 1380 petiit,

313 1407 347 1462 ut
371 1407 539 1484 postquam
564 1395 717 1464 Sanctitas
741 1397 802 1464 Sua
826 1411 898 1486 post
921 1398 1025 1485 plures
1049 1399 1215 1466 dilationes
1238 1401 1489 1487 peremptorium
1513 1399 1687 1467 terminum

313 1499 498 1588 praefixerat
514 1503 597 1589 regis
614 1502 748 1589 Angliae
765 1505 941 1571 excusatori
965 1504 1003 1571 ad
1021 1503 1249 1593 disputationes
1273 1504 1396 1594 publice
1414 1503 1572 1572 faciendas
1590 1527 1689 1593 usque

313 1605 352 1673 ad
375 1608 513 1695 primum
530 1605 616 1675 diem
639 1606 806 1676 iuridicum
832 1623 906 1698 post
928 1610 983 1678 SS.
1008 1611 1199 1699 Epiphaniae
1223 1609 1354 1692 festum,
1385 1613 1534 1700 quicum
1558 1611 1689 1678 instaret

314 1725 345 1780 et
367 1711 534 1781 adversarii
559 1713 599 1781 de
622 1737 681 1782 suo
705 1716 772 1782 iure
797 1713 890 1783 diffisi
912 1717 1083 1804 petitiones
1110 1719 1221 1804 petitas
1244 1715 1508 1805 subterfugerent,
1533 1714 1570 1783 ad
1596 1714 1690 1784 effec-

312 1830 381 1888 tum
410 1818 604 1908 impediendi
633 1843 744 1888 causae
775 1821 1028 1910 expeditionem,
1056 1822 1210 1891 Sanctitas
1238 1821 1300 1890 Sua
1327 1822 1510 1910 dignaretur
1538 1820 1690 1890 mandare

313 1926 408 1994 Rmo.
433 1926 520 1994 Dn0.
549 1925 647 1994 Paulo
672 1926 774 1994 Rotae
801 1926 952 2010 auditori,
981 1952 1107 1996 causam
1136 1927 1268 2011 referre,
1296 1948 1331 1996 ut
1360 1931 1483 2016 possint
1513 1927 1597 1996 illam
1628 1949 1690 2016 pro

313 2033 429 2100 iustitia
453 2031 610 2120 expedire.

419 2138 464 2205 Ex
488 2136 621 2206 adverso
645 2138 771 2206 luerunt
794 2141 896 2207 vocati
925 2159 1068 2208 oratores
1091 2143 1174 2228 regis
1197 2141 1346 2228 Angliae,
1374 2143 1426 2230 qui
1451 2141 1601 2208 introiere
1625 2163 1689 2207 una

314 2269 386 2312 cunt
411 2254 595 2312 excusatore
619 2246 702 2333 regis
725 2245 874 2332 Angliae,
900 2247 953 2334 qui
975 2246 1054 2314 dixit
1076 2247 1279 2314 Sanctitatem
1304 2247 1399 2314 Suam
1425 2249 1453 2314 ei
1477 2244 1602 2313 dedisse
1623 2259 1688 2314 ter·

313 2352 437 2418 minum
461 2350 499 2418 ad
519 2349 747 2419 convocandos
763 2353 849 2418 viros
872 2351 949 2419 alios
972 2353 1077 2420 Italiae
1101 2354 1174 2420 iuris
1191 2352 1356 2420 consultos
1379 2354 1480 2440 magis
1496 2350 1691 2440 approbatos

313 2478 372 2544 pro
396 2456 517 2544 publica
540 2456 753 2546 disputatione
782 2480 875 2545 super
899 2460 1036 2525 materiis
1061 2460 1264 2526 excusatoriis
1288 2458 1447 2541 sacienda;
1480 2481 1591 2525 verum
1615 2460 1691 2548 quia

313 2560 450 2629 adhibita
474 2562 547 2630 dicti
571 2565 763 2631 excusaturis
788 2565 982 2632 exactissima
1006 2563 1166 2652 diligentia
1190 2565 1351 2646 Pemsiae‚
1379 2565 1486 2646 Senis,
1510 2565 1690 2647 Bononiae,

313 2667 430 2736 Patavii
454 2691 512 2756 pro
529 2670 638 2756 primis
661 2671 775 2736 iurium
800 2670 952 2737 consultis
976 2683 1007 2738 et
1022 2693 1081 2759 pro
1099 2695 1283 2760 unaquaque
1299 2671 1508 2759 superscripta
1525 2669 1691 2753 habendis,

312 2772 355 2840 illi
378 2773 484 2841 haberi
512 2774 664 2842 hactenus
687 2774 772 2863 (non
798 2777 1000 2866 potuerunt):
1034 2776 1179 2844 videlicet
1202 2777 1321 2845 Decius
1349 2799 1463 2857 exeo,
1491 2775 1579 2866 quod
1603 2791 1691 2844 esset

312 2882 345 2946 in
369 2880 527 2969 decrepita
556 2893 671 2962 aetate,
699 2883 864 2948 Bononiae
894 2905 971 2950 vero
999 2883 1109 2950 Petrus
1137 2883 1250 2950 Paulus
1278 2885 1424 2950 Perusius
1454 2905 1491 2948 ex
1520 2905 1572 2964 eo,
1599 2881 1691 2971 quod

313 2985 370 3054 fuit
393 2985 451 3054 sibi
474 2985 667 3074 prohibitum
692 2986 730 3053 ab
753 2986 947 3070 adversariis,
972 3012 1012 3055 ne
1036 3011 1070 3056 se
1093 2990 1320 3057 intromitteret
1343 3012 1402 3078 pro
1419 2987 1505 3056 dicto
1530 3011 1605 3076 rege
1622 2991 1691 3055 Αιι-

313 3093 393 3180 gliae
425 3094 457 3160 in
487 3116 543 3160 sua
574 3116 679 3175 causa,
710 3094 827 3161 Patavii
858 3107 1023 3182 postremo
1052 3096 1154 3162 Dnus.
1184 3096 1431 3163 franceschinus
1462 3094 1502 3161 de
1527 3094 1626 3162 Curte
1655 3107 1691 3162 et

314 3199 473 3266 Marianus
495 3199 641 3281 Socinus,
670 3199 742 3287 quia
765 3198 804 3266 ad
831 3201 1010 3268 instantiam
1035 3213 1066 3268 et
1094 3200 1343 3288 prohibitionem
1372 3200 1624 3267 adversariorum
1648 3201 1691 3266 si·

314 3304 429 3372 militer
452 3303 509 3372 fuit
533 3307 578 3372 eis
605 3303 817 3392 prohibitum,
846 3329 885 3373 ne
909 3330 942 3372 se
967 3308 1216 3374 intromitterent
1240 3309 1271 3374 in
1295 3307 1377 3374 dicta
1402 3329 1494 3374 causa
1517 3329 1575 3393 pro
1601 3305 1691 3374 dicto

314 3433 400 3498 rege,
423 3409 462 3478 ad
486 3410 606 3478 Urbem
630 3434 689 3498 pro
713 3410 925 3499 disputatione
950 3415 1119 3500 praemissa
1142 3417 1251 3481 venire
1274 3437 1308 3481 se
1333 3437 1398 3480 non
1428 3435 1524 3501 posse
1548 3435 1691 3480 asserue-

314 3528 396 3583 runt.
434 3517 568 3583 Etcum
592 3514 760 3613 supradicti
777 3516 1035 3600 Franceschinus‚
1059 3519 1219 3586 Marianus
1243 3517 1370 3586 sublatis
1394 3517 1539 3606 praefatis
1555 3517 1692 3606 impedi-

314 3623 431 3689 mentis
447 3622 554 3688 venire
578 3624 673 3710 parati
697 3637 796 3704 erant,
820 3623 972 3712 supplicat
996 3624 1154 3692 humiliter
1177 3625 1353 3712 praedictus
1378 3636 1545 3692 excusator
1568 3623 1692 3692 Sancti-

314 3729 368 3795 tati
392 3721 539 3809 Vestrae,
568 3740 722 3816 quatenus
750 3728 931 3817 dignaretur
962 3731 993 3796 in
1019 3731 1196 3818 praemissis
1228 3744 1410 3821 opportune
1441 3731 1626 3819 providere,
1656 3745 1692 3801 ut

315 3833 452 3920 exceptis
468 3832 582 3915 Decio,
607 3833 645 3900 de
670 3837 757 3901 cuius
780 3833 916 3902 adventu
940 3847 1069 3924 propter
1092 3849 1227 3904 aetatem
1252 3836 1445 3924 praedictam
1469 3837 1546 3904 nihil
1570 3840 1692 3928 sperari

313 3951 438 4028 posset,
467 3961 538 4005 eum
569 3961 635 4005 non
663 3937 851 4021 adventum,
881 3939 937 4008 sed
966 3954 1103 4009 mortem
1134 3943 1230 4031 ipsius
1259 3965 1297 4009 ex
1326 3945 1506 4031 arreptione
1531 3943 1691 4034 (itineris)

315 4043 544 4133 expectandum
578 4042 646 4110 fore
677 4043 861 4127 affirmaret,
892 4058 923 4113 et
946 4047 1129 4130 Vincentio,
1158 4049 1338 4116 Sanctitatis
1362 4050 1496 4116 Vestrae
1527 4049 1690 4118 licentiam

314 4175 372 4240 pro
396 4149 536 4218 libertate
560 4148 708 4218 veniendi
736 4153 918 4239 nuperrime
942 4153 987 4219 eis
1011 4155 1202 4240 impertitam
1228 4155 1323 4222 ceteri
1353 4158 1544 4243 tempestive
1574 4155 1692 4225 habere

314 4268 456 4344 possent.
503 4254 559 4343 (A.
584 4253 605 4321 f.
634 4255 722 4344 193.)

313 4410 393 4416 --.--
415 4409 524 4416 --—--.

422 4490 430 4519 ¹
450 4482 511 4534 Von
526 4482 577 4564 den
596 4483 652 4537 hier
671 4494 823 4554 genannten
839 4485 1003 4541 Kanonisten
1023 4488 1064 4554 ist,
1084 4487 1169 4559 Philip
1190 4506 1219 4542 us
1236 4489 1334 4543 Dezius
1354 4507 1401 4544 aus
1423 4506 1578 4558 enomnreu,
1598 4493 1692 4563 wenig

314 4552 437 4606 bekannt.
469 4551 622 4606 Francrscus
635 4553 668 4607 de
681 4553 762 4608 Curte
781 4556 814 4608 ist
833 4557 954 4609 ertvathnt
973 4558 1015 4611 bei
1029 4557 1146 4625 Schulte‚
1162 4507 1261 4613 desen.
1280 4559 1327 4614 der
1341 4507 1461 4623 Quellen
1480 4561 1533 4615 und
1547 4561 1693 4617 Litteratur

314 4621 361 4674 des
380 4621 561 4676 kanonischeu
580 4623 704 4690 Rechtes,
724 4623 756 4679 11.
777 4639 835 4696 294,
857 4641 878 4692 1,
898 4627 966 4680 nach
985 4628 1074 4682 ciuem
1093 4629 1187 4700 papstl.
1207 4629 1330 4702 Priuileg,
1356 4630 1488 4702 Bologna,
1508 4631 1532 4686 6.
1554 4632 1600 4688 IlL
1624 4649 1689 4703 1533

314 4691 404 4773 (Breu.
429 4693 492 4746 min.
513 4692 566 4747 vol.
591 4696 637 4760 46,
663 4712 688 4748 n.
711 4695 755 4762 58)
778 4712 835 4749 war
859 4712 888 4749 er
911 4697 1007 4752 bereits
1031 4698 1080 4752 seit
1106 4699 1256 4824 aoupahren
1279 4700 1421 4756 Professor
1444 4701 1491 4756 des
1518 4703 1691 4758 Zivilrechtes

313 4761 374 4814 terls
393 4780 419 4814 m
439 4761 525 4829 Pavia,
544 4763 604 4816 teils
623 4764 650 4818 in
668 4762 770 4829 Padum
795 4765 928 4820 Marianus
948 4767 1067 4835 Socinus‚
1088 4769 1140 4823 Sch
1168 4779 1204 4837 te,
1225 4771 1256 4826 ll.
1275 4787 1321 4840 355
1343 4774 1388 4842 (zu
1408 4773 1616 4828 unterseheiden
1636 4791 1691 4828 von

315 4832 404 4912 einem
422 4829 521 4885 andern
540 4831 672 4887 Marianus
691 4833 803 4888 Socinus
822 4852 868 4890 aus
887 4836 933 4890 der
951 4838 1027 4893 Mitte
1046 4838 1093 4893 des
1110 4855 1149 4909 ¹5·
1168 4839 1368 4912 Jahrhunderts‚
1389 4843 1443 4898 das.
1463 4843 1496 4900 ll.
1512 4847 1585 4916 319).
1617 4835 1693 4899 Uber

315 4899 414 4953 Demus
434 4918 453 4954 s.
474 4902 543 4954 oben
563 4903 588 4956 S.
612 4904 660 4956 180
680 4903 695 4958 f.
733 4905 803 4956 Deru
822 4908 1019 4962 vorstehenden
1039 4909 1180 4963 Abschnitt
1199 4911 1246 4964 der
1265 4913 1523 4969 Konsisturialalrten
1542 4917 1692 4987 entspricht
