3782 5532
169 341 233 407 1528
253 340 420 410 September.
1493 326 1536 389 43

166 499 229 566 800
253 497 328 566 mila
350 498 408 566 alla
431 522 539 581 manu,
562 498 652 587 fargli
674 498 789 567 render
811 499 840 566 le
859 497 960 588 polise
983 497 1034 566 del
1057 497 1177 586 obligo,
1201 501 1260 567 che
1283 499 1323 566 ha
1342 522 1404 566 con
1420 499 1537 588 Inghil-

165 625 257 686 terra,
281 617 313 672 et
328 605 372 692 gli
396 606 568 675 restituisse
591 606 613 672 il
630 607 858 694 primogenitu,
881 605 997 693 poiche
1021 606 1163 672 haveria¹
1186 603 1264 672 fatto
1284 607 1411 673 retirare
1434 605 1455 673 il
1478 627 1536 674 suo

166 711 305 779 exercito
330 723 361 778 et
385 734 457 778 reso
474 711 608 779 Genova
632 730 665 778 et
680 711 837 800 adempita
860 711 888 777 la
904 711 1143 799 capitulatione3
1173 710 1231 778 che
1247 710 1416 799 pagaudoli
1438 714 1493 800 poi
1516 712 1536 778 il

165 829 249 884 resto
274 818 347 885 sino
370 818 420 884 alli
436 815 489 884 dui
513 817 646 884 millioni
670 817 713 905 gli
736 819 908 885 restituisse
931 817 1031 885 l’altro
1048 815 1192 904 figliuolo
1200 844 1209 900 3
1234 831 1265 885 et
1288 818 1347 884 che
1370 819 1402 885 in
1426 817 1536 886 effetto

163 922 195 990 lo
217 924 415 1012 Imperatore
442 924 541 990 havea
567 942 724 1006 recusato,
752 944 783 990 et
807 924 865 991 che
894 924 957 990 mai
985 946 1051 991 non
1079 924 1106 989 si
1133 935 1323 991 contentava
1351 935 1382 991 et
1410 947 1536 1012 sempre

165 1051 350 1120 proponeva
373 1029 426 1118 piu
449 1030 551 1118 aspri²
573 1031 676 1117 partiti
699 1028 853 1098 dicendo:
878 1031 910 1096 io
934 1052 1017 1096 sono
1041 1028 1114 1118 quel
1137 1029 1197 1097 che
1214 1028 1302 1117 parlo
1327 1048 1358 1096 et
1376 1029 1536 1111 offerisco‚

165 1147 195 1203 et
217 1134 281 1222 egli
308 1158 375 1202 non
399 1134 564 1223 risponde‚
589 1154 620 1203 et
643 1135 742 1203 molte
765 1135 841 1204 altre
865 1135 987 1224 parole,
1011 1134 1069 1204 che
1093 1135 1172 1203 saria
1195 1134 1293 1223 lungo
1317 1135 1478 1218 scriverle,
1503 1138 1535 1202 in

165 1240 387 1309 iustificatione
411 1265 465 1308 sua
489 1254 521 1309 et
542 1242 574 1308 in
598 1241 755 1309 rebuttare
777 1253 858 1310 tutta
880 1242 908 1308 la
932 1240 1023 1330 colpa
1045 1243 1077 1308 in
1101 1240 1132 1308 lo
1154 1242 1359 1330 Imperatore,
1384 1243 1536 1330 soggiun·

165 1346 272 1434 gendo
297 1348 357 1415 che
381 1347 443 1435 egli
459 1345 641 1415 desiderava
664 1347 693 1414 la
708 1370 795 1436 pace,
819 1359 850 1416 et
867 1347 926 1416 che
948 1347 1054 1416 faceva
1077 1348 1201 1436 perlui,
1226 1359 1257 1415 et
1276 1347 1334 1415 che
1358 1371 1425 1415 non
1449 1371 1537 1414 man·

166 1455 244 1520 caria
272 1455 443 1522 rimettersi
471 1477 597 1542 sempre
624 1453 654 1520 al
676 1453 887 1521 Serenissimo
915 1477 949 1521 re
979 1453 1011 1521 di
1034 1453 1150 1542 Anglia
1179 1477 1237 1521 suo
1265 1453 1331 1520 bon
1359 1452 1491 1537 fratell0‚
1519 1477 1538 1520 a

165 1559 225 1626 Sua
247 1559 448 1628 Beatitudine
473 1571 503 1628 et
526 1583 543 1626 a
566 1571 645 1627 tutta
669 1561 847 1627 cristianitl.

270 1665 310 1733 Et
333 1678 453 1755 quanto
474 1688 571 1754 posso
596 1664 827 1754 comprendere
849 1665 882 1732 lo
904 1666 1013 1732 animo
1036 1689 1106 1746 su0,
1130 1667 1173 1733 mi
1197 1687 1270 1754 pare
1289 1664 1351 1733 ben
1374 1685 1536 1754 propenso

166 1771 220 1838 alla
242 1795 321 1860 pace
345 1785 376 1842 et
399 1770 472 1839 th’il
495 1795 649 1854 conosca,
672 1771 782 1840 ch'ella
805 1771 835 1838 fa
858 1795 913 1859 per
935 1771 989 1854 lui,
1017 1784 1048 1839 et
1070 1771 1098 1838 la
1121 1773 1276 1840 necessita
1299 1772 1357 1839 che
1381 1795 1421 1838 ne
1447 1772 1485 1840 ha
1508 1772 1537 1839 la

167 1879 349 1960 cristianita3
383 1901 434 1945 ma
450 1877 650 1967 comprendo
666 1900 792 1961 ancora,
817 1877 876 1946 che
890 1878 935 1966 gli
957 1901 1032 1966 pare
1056 1878 1151 1946 havet
1166 1875 1244 1946 fatto
1268 1889 1301 1946 et
1316 1876 1434 1946 offerso
1450 1889 1536 1946 tutto

166 1982 280 2072 quello,
305 1983 420 2071 ch’egli
443 1982 552 2052 debba.
597 1985 644 2051 Fu
667 2007 723 2073 per
746 1984 767 2051 il
789 1985 884 2051 Rmo.
904 1984 1025 2072 Legato
1049 2001 1080 2050 et
1104 1982 1218 2051 dame
1242 1984 1345 2052 molto
1369 1984 1536 2053 exhortato

167 2113 182 2156 a
204 2101 315 2178 questa
344 2113 437 2178 pace,
467 2093 553 2159 etio
582 2091 614 2157 lo
637 2090 803 2173 ricerchai,
832 2091 890 2158 che
918 2091 945 2157 si
974 2113 1026 2156 me
1049 2088 1142 2157 volea
1169 2091 1202 2156 in
1227 2091 1276 2157 cil>
1305 2089 1379 2158 dare
1405 2089 1536 2179 qualche

168 2196 406 2278 commissione,
430 2195 566 2264 essendo
590 2219 645 2285 per
660 2195 776 2264 andare
799 2197 831 2262 in
848 2193 972 2283 Angla,
997 2195 1055 2263 che
1079 2218 1146 2262 non
1169 2197 1195 2262 si
1219 2195 1451 2264 mancherebbe
1473 2219 1536 2263 con

167 2300 236 2391 quel
259 2325 309 2385 re,
338 2302 428 2392 quale
453 2306 470 2370 ὲ
493 2302 744 2390 propensissimo
768 2325 786 2368 a
809 2313 922 2390 questo
951 2299 1072 2383 effett0,
1100 2301 1131 2368 di
1159 2300 1246 2368 farne
1275 2303 1353 2390 ogni
1381 2325 1476 2390 opera
1506 2313 1537 2371 et

168 2408 233 2490 the,
257 2433 292 2476 se
308 2407 392 2476 fusse
416 2409 605 2491 necessari0‚
630 2406 688 2475 che
712 2430 779 2474 non
796 2417 920 2475 ostante
945 2407 1028 2474 ch'io
1045 2408 1089 2474 sia
1112 2408 1190 2474 assai
1207 2405 1309 2475 debile
1333 2420 1365 2477 et
1387 2407 1535 2490 infermo,

168 2515 210 2581 mi
232 2514 364 2582 offeriva
387 2513 417 2581 di
441 2513 572 2582 volontd
595 2512 625 2581 di
649 2513 690 2580 N.
708 2512 855 2601 Signore,
878 2511 1084 2580 transferirmi
1106 2514 1178 2580 sino
1203 2514 1235 2579 in
1258 2513 1391 2601 Ispagna
1415 2532 1445 2580 et
1469 2537 1536 2580 non

166 2643 312 2687 mancare
336 2642 399 2687 ton
423 2619 602 2687 l’authoritd
625 2617 655 2684 di
674 2619 715 2686 N.
733 2619 880 2706 Signore,
904 2617 994 2706 quale
1016 2618 1049 2684 io
1072 2641 1186 2706 sapeva
1209 2617 1268 2686 che
1291 2620 1323 2685 in
1347 2629 1460 2708 questo
1484 2641 1536 2686 era

165 2737 320 2794 contento
345 2723 377 2792 di
392 2724 455 2792 fare
471 2726 549 2812 ogni
566 2747 672 2813 opera,
697 2724 813 2813 perche
836 2726 862 2792 si
878 2726 1002 2792 venisse
1019 2748 1037 2791 a
1052 2724 1184 2814 qualche
1207 2723 1313 2792 bunna
1328 2724 1534 2793 resolutione.

164 2831 195 2899 S.
219 2831 265 2898 M.
289 2833 317 2898 si
339 2829 450 2898 risolse
479 2853 546 2898 non
569 2830 681 2918 parerli
703 2829 804 2898 darmi
831 2829 907 2898 altra
930 2831 1175 2912 commissione,
1200 2842 1231 2899 et
1253 2842 1367 2921 questo
1395 2832 1440 2898 nri
1462 2853 1536 2919 pare

166 2937 224 3004 che
247 2935 402 3025 proceda,
429 2935 543 3024 ch'egli
566 2937 710 3004 existima
738 2936 833 3004 havet
857 2935 975 3004 offerso
998 2948 1082 3020 tutto
1106 2936 1211 3025 quello
1236 2936 1295 3004 che
1318 2936 1361 3024 gli
1386 2959 1460 3024 pare
1483 2936 1537 3005 de·

165 3041 231 3110 bito
255 3054 287 3110 et
310 3042 459 3124 honest0,
484 3053 514 3110 et
534 3041 592 3110 che
616 3065 682 3108 non
706 3042 751 3108 sia
774 3064 830 3130 per
852 3041 981 3109 l'honor
1004 3065 1062 3109 suo
1086 3042 1149 3110 sare
1172 3065 1258 3111 nove
1274 3042 1427 3111 oblationi
1451 3054 1482 3110 et
1505 3042 1537 3110 di

165 3171 252 3216 novo
276 3170 470 3236 promovere
486 3160 597 3236 questa
612 3148 728 3235 pratica
743 3148 794 3215 lui.
833 3148 900 3215 Ben
920 3147 1118 3236 comprendo
1143 3148 1202 3216 che
1225 3173 1259 3216 se
1280 3149 1356 3238 parli
1380 3148 1431 3216 col
1446 3149 1537 3217 Sere-

165 3255 298 3321 nissimo
323 3252 362 3320 de
386 3253 501 3340 Anglia
529 3266 561 3321 et
585 3253 643 3320 che
671 3253 828 3322 l'autoritt
855 3252 886 3320 di
910 3255 941 3321 S.
965 3255 1011 3321 M.
1035 3255 1079 3320 sia
1107 3277 1163 3342 per
1191 3256 1316 3343 poterlo
1345 3279 1476 3323 movere
1506 3275 1537 3322 et

165 3357 276 3426 indute
300 3358 340 3426 ad
363 3360 440 3448 ogni
464 3383 553 3441 cosa,
582 3359 640 3428 che
664 3382 726 3426 con
752 3359 885 3428 honesti
909 3379 940 3426 et
963 3359 1089 3428 honore
1116 3361 1142 3427 si
1165 3383 1260 3448 possa
1282 3360 1355 3428 fare.
1373 3411 1376 3418 -
1395 3360 1536 3444 Quando

165 3466 235 3532 sard
258 3465 292 3533 in
316 3465 446 3553 Anglia,
475 3489 542 3532 non
566 3466 716 3532 mancard
740 3464 790 3532 dal
813 3464 920 3533 debito
948 3487 1064 3533 ancora
1092 3468 1125 3533 in
1148 3479 1273 3555 quest0‚
1302 3465 1407 3534 dando
1436 3468 1537 3534 conti-

165 3589 338 3638 nuamente
362 3572 449 3638 aviso
473 3570 512 3638 de
532 3573 610 3659 ogni
633 3594 782 3639 successo
806 3583 837 3640 et
853 3594 1033 3660 progresso.
1073 3573 1120 3638 Lo
1144 3591 1262 3641 evento
1287 3571 1375 3640 dele
1398 3596 1473 3640 cose
1497 3571 1537 3640 de

165 3676 281 3764 Napoli
310 3689 341 3745 et
370 3677 397 3744 la
420 3689 529 3744 natura
557 3675 597 3744 de
624 3676 656 3744 lo
679 3678 890 3766 Imperatore,
919 3679 978 3746 che
1008 3701 1075 3746 non
1098 3677 1173 3746 vuol
1201 3701 1218 3744 a
1246 3677 1331 3745 forza
1359 3701 1462 3746 essere
1491 3680 1537 3746 in-

166 3781 269 3865 dutto,
294 3805 356 3850 con
379 3781 536 3850 l'autoritl
563 3794 594 3850 et
618 3783 764 3852 instantia
787 3781 827 3851 de
849 3785 891 3851 N.
917 3784 1053 3871 Signore
1081 3796 1112 3852 et
1135 3783 1254 3872 l’opera
1278 3782 1328 3851 del
1350 3807 1384 3851 re
1408 3783 1448 3852 de
1473 3787 1537 3853 An·

165 3887 314 3976 ghilterra
341 3887 542 3976 potrebbono
571 3887 657 3956 forse
685 3887 748 3956 lare
777 3887 805 3956 la
829 3890 878 3956 via
900 3913 918 3956 a
942 3902 1051 3978 questa
1079 3912 1171 3978 pace;
1204 3889 1277 3958 alias
1305 3892 1349 3956 mi
1380 3913 1453 3980 pare
1478 3891 1537 3958 che

165 3995 267 4062 siamo
290 3995 323 4062 in
347 3995 512 4082 principio,

272 4100 365 4168 Circa
388 4098 409 4168 il
431 4098 575 4168 secundo
603 4100 734 4167 articulo
758 4098 790 4168 di
814 4101 929 4168 Cervia
954 4112 984 4167 et
1008 4100 1159 4170 Ravenna
1182 4125 1249 4170 non
1280 4125 1396 4170 manco
1425 4101 1456 4168 di
1485 4125 1537 4169 me

166 4206 227 4274 Sua
249 4207 373 4274 Maesta
405 4205 529 4274 detestd
562 4205 664 4294 quella
696 4208 922 4295 occupatione,
952 4207 1065 4274 iniuria
1098 4228 1129 4276 et
1159 4209 1308 4277 iniustitia
1340 4207 1413 4276 latta
1446 4231 1463 4274 a
1493 4209 1536 4275 N.

167 4311 302 4400 Signore
334 4323 365 4380 et
388 4311 471 4380 Sede
499 4311 687 4401 Apostolica
718 4323 748 4380 et
776 4311 874 4394 disse,
908 4313 967 4380 che
995 4336 1052 4402 per
1079 4313 1121 4381 lui
1150 4337 1218 4381 non
1241 4338 1294 4382 era
1323 4325 1471 4382 mancato
1495 4318 1537 4381 ne

167 4417 391 4501 mancarebbe,
421 4418 479 4485 che
501 4419 564 4486 Sua
586 4419 706 4486 Santith
735 4418 866 4487 vedesse
895 4418 1000 4508 quello
1029 4418 1088 4487 che
1117 4443 1174 4508 per
1203 4418 1245 4488 lui
1274 4421 1300 4487 si
1329 4431 1443 4508 poteva
1474 4418 1538 4486 sare

168 4535 199 4592 et
219 4524 302 4606 dire,
336 4523 395 4591 che
418 4536 507 4593 tanto
530 4523 655 4592 farebbe
679 4535 710 4593 et
733 4525 802 4608 che,
831 4524 885 4592 s'el
910 4537 1038 4614 potesse
1060 4524 1286 4594 commendare
1308 4549 1326 4592 a
1350 4527 1539 4593 Venetiani³

168 4653 189 4696 o
216 4629 302 4700 fusse
332 4631 461 4718 signore
492 4628 524 4697 di
554 4631 704 4712 Venetia,
740 4631 854 4719 ch’egli
887 4633 939 4720 gil
972 4629 1169 4700 l'haverebbe
1209 4633 1372 4700 restituite.
1428 4632 1463 4699 lo
1494 4631 1537 4719 gli

168 4733 225 4804 feci
257 4735 440 4818 intendere,
478 4737 536 4804 che
572 4737 780 4805 »Veneriano
815 4761 909 4806 come
940 4737 1046 4827 cupidi
1080 4737 1111 4805 di
1142 4737 1306 4805 dominare
1341 4761 1408 4806 non
1440 4760 1537 4807 erano

272 4902 281 4933 ¹
301 4894 353 4949 Th.
372 4894 484 4949 haveva.
591 4894 671 4950 ¹Th.
691 4895 757 4950 altri.
865 4897 944 4954 ³Th.
964 4897 1085 4953 Venetia.

271 4974 282 5004 ⁴
301 4965 443 5020 Venetiani
462 4963 527 5020 fehlt
545 4966 587 5019 bei
607 4965 731 5022 Theiner.
