3782 5532
327 307 367 375 30
1472 331 1474 335 v
1524 305 1599 378 April
1622 305 1697 374 1528.

324 468 504 534 executioni
527 465 746 535 demandanda
761 467 980 554 vicegerentes
1007 479 1136 536 nostros
1153 468 1248 534 etiam
1272 491 1310 535 ex
1325 479 1410 536 certa
1433 477 1542 552 nostra
1564 467 1697 533 scientia

323 596 466 640 creamus
490 591 521 641 et
544 573 741 662 deputamus.
783 573 828 641 lta
852 585 887 640 ut
908 575 941 640 in
965 574 1155 662 praemissis,
1178 573 1265 663 quod
1288 597 1350 642 nos
1372 575 1559 643 auctoritate
1584 591 1615 640 et
1637 594 1697 660 po-

322 691 435 747 testate
463 691 571 746 nostra
593 677 696 747 lacere
712 701 890 767 possemus,
913 679 946 747 id
961 681 1057 748 etiam
1072 702 1130 747 vos
1154 679 1256 748 facere
1272 681 1409 768 possitis.
1447 677 1550 747 Vobis
1566 701 1697 767 quoque

322 805 385 852 tam
415 783 539 874 prolem
570 809 608 853 ex
636 787 739 874 primo
769 787 976 853 matrimonio
1006 804 1201 874 susceptam,
1231 787 1256 852 si
1285 785 1318 853 id
1347 787 1389 854 ita
1419 784 1567 874 expedire
1590 785 1696 852 visum

322 890 429 975 fuerit,
457 915 552 980 quam
577 915 615 960 ex
642 890 784 959 secundo
807 893 1014 959 matrimonio
1042 891 1273 980 suscipiendam
1302 891 1476 979 legitimam
1501 889 1696 958 decernendi

321 997 558 1087 pronuntiandi,
582 997 813 1086 legitimitatem
831 999 925 1066 etiam
949 998 1110 1086 utriusque
1134 997 1229 1086 prolis
1246 1001 1387 1066 censuris
1411 1009 1443 1066 et
1465 999 1579 1086 poenis
1595 995 1697 1064 eccle-

321 1105 452 1196 siasticis
480 1104 719 1194 quibuscunque
748 1126 804 1193 per
827 1102 962 1171 modurn
985 1103 1103 1172 decreti
1127 1116 1180 1172 aut
1202 1105 1374 1172 sanctionis
1396 1115 1568 1192 perpetuae
1591 1103 1697 1170 muni-

322 1209 396 1280 endi
424 1223 455 1279 et
477 1210 611 1279 vallandi
641 1209 790 1278 omnibus
820 1208 1022 1278 validioribus
1052 1222 1084 1277 et
1114 1208 1343 1278 efficacioribus
1372 1209 1479 1278 modis
1509 1221 1542 1278 et
1570 1207 1696 1290 formis,

321 1341 401 1407 quae
424 1317 464 1385 de
487 1319 554 1385 iure
578 1318 702 1404 concipi
727 1328 757 1385 et
781 1317 954 1402 excogitari
976 1326 1137 1402 poterunt,
1166 1339 1205 1383 ex
1227 1328 1312 1383 certa
1335 1335 1445 1384 nostra
1467 1316 1599 1383 scientia
1622 1337 1696 1382 auc-

319 1426 509 1513 toritateque
540 1423 714 1512 apostolica
743 1441 856 1490 tenore
889 1423 1101 1509 praesentium
1131 1433 1324 1510 potestatem
1351 1423 1467 1510 pariter
1498 1442 1530 1488 et
1558 1421 1696 1488 auctori-

320 1541 418 1597 tatem
442 1527 659 1598 concedimus.
699 1529 776 1599 Non
793 1527 989 1596 obstantibus
1013 1526 1154 1594 conciliis
1176 1527 1386 1615 generalibus,
1409 1527 1593 1616 apostolicis
1617 1549 1697 1594 con·

320 1635 535 1704 stitutionibus
559 1648 592 1704 et
614 1633 866 1704 ordinationibus
891 1630 982 1701 editis
1005 1634 1180 1724 ceterisque
1203 1635 1368 1702 contrariis
1391 1633 1641 1723 quibuscunque.

425 1759 544 1826 Datum
567 1758 754 1826 Urbeveteri
776 1779 862 1824 anno
891 1756 1113 1824 incarnationis
1137 1757 1328 1824 Dominicae
1357 1758 1449 1842 1528.
1495 1753 1541 1824 ld.
1566 1753 1695 1845 Aprilis,

319 1865 522 1954 pontificatus
545 1887 631 1932 anno
655 1866 778 1953 quinto.
1412 1915 1446 1982 Β.
1471 1915 1586 1983 Mona·

482 2121 504 2145 ⁵,
529 2075 610 2131 Arch.
623 2075 709 2130 Vatic.
728 2074 809 2131 Hem.
828 2075 899 2146 regis
918 2075 1033 2147 dispens.
1052 2072 1167 2128 matrim.
1187 2071 1239 2127 vol.
1259 2073 1366 2126 unicum
1385 2073 1503 2142 (Annar.
1523 2073 1569 2128 Xl.
1585 2073 1632 2139 XI,
1648 2073 1695 2142 38)

426 2163 443 2219 f.
465 2180 487 2234 3.
524 2163 654 2218 Dasselbe
679 2164 759 2220 Stirclr
786 2165 813 2218 in
840 2161 1012 2218 leblerhafter
1036 2159 1171 2216 Abschriit
1198 2160 1252 2214 und
1278 2163 1327 2215 mit
1351 2163 1474 2231 weniger
1498 2177 1617 2232 genauer
1641 2161 1695 2214 Be-

425 2252 576 2323 zeichnung
594 2250 640 2306 des
659 2252 786 2305 Datums:
812 2248 881 2306 Lett.
901 2251 927 2305 di
949 2249 1063 2322 Principi
1081 2248 1134 2305 vol
1156 2263 1188 2316 14
1206 2248 1223 2304 f.
1241 2249 1298 2316 128,
1322 2250 1370 2304 mit
1394 2249 1446 2303 den
1465 2247 1695 2304 Unterschn‘ften:

425 2341 458 2396 A.
478 2339 644 2408 Portuensis,
668 2338 744 2394 Laur.
770 2339 868 2410 Eppus,
893 2339 1064 2406 Praenestin,
1087 2337 1123 2392 la.
1146 2337 1302 2393 Simonetta.
1343 2337 1387 2392 An
1410 2337 1459 2391 der
1482 2347 1695 2408 erstgenannteu

425 2428 507 2483 Stelle
532 2426 623 2499 lolgen
648 2426 696 2481 auf
714 2427 766 2481 den
789 2427 859 2482 Text
884 2427 956 2481 noch
979 2424 1105 2498 folgende
1118 2425 1279 2480 Vermerlre:
1305 2425 1403 2480 Similis
1428 2425 1498 2479 bulla
1524 2424 1572 2480 fuit
1596 2427 1695 2497 scripta

424 2516 523 2571 directa
544 2515 595 2569 soli
613 2517 665 2571 Th.
685 2515 808 2570 cardinali
827 2515 988 2570 Eboracensi
1007 2547 1042 2556 —
1060 2513 1205 2568 »adiuncto
1226 2511 1273 2568 tibi
1290 2513 1435 2568 venerabili
1457 2513 1539 2568 fratre
1562 2513 1695 2586 archicpi-

423 2621 508 2678 scopo
521 2605 722 2659 Cantuariensiu
741 2603 795 2658 und
813 2605 862 2658 mit
880 2605 986 2675 einigen
999 2604 1129 2657 weiteren
1142 2601 1373 2673 entsprechenden
1386 2591 1579 2673 llnderungen.
1610 2602 1695 2674 Regi-

423 2701 504 2747 strata
526 2694 553 2746 in
572 2707 677 2746 camera
700 2691 847 2762 apostolica
870 2691 903 2745 de
922 2677 1048 2746 mandato
1067 2692 1092 2745 S.
1111 2689 1145 2744 D.
1165 2689 1198 2746 N.
1218 2691 1335 2762 proprio.
1354 2689 1384 2745 B.
1403 2690 1497 2745 Motta.
1529 2689 1602 2745 Nota
1621 2691 1697 2762 quod

396 2754 490 2834 'haec
503 2780 597 2834 eadem
616 2782 716 2834 minuta
729 2779 778 2834 fuit
796 2782 945 2851 ingrossata
963 2795 1011 2851 per
1024 2795 1069 2832 me
1081 2777 1111 2833 B.
1124 2778 1210 2832 Motta
1228 2780 1276 2832 sub
1295 2778 1356 2832 data
1368 2779 1480 2832 Viterbii
1494 2778 1542 2833 Vl.
1573 2777 1610 2834 ld.
1630 2780 1696 2834 iunii

425 2870 491 2938 1528
510 2885 533 2924 a.
547 2867 580 2925 V.
595 2877 622 2922 et
634 2867 732 2922 directa
751 2870 815 2940 ipsis
828 2867 930 2922 duobus
949 2866 1130 2921 cardinalibus.
1164 2866 1198 2920 Et
1216 2867 1355 2937 registrari
1374 2865 1550 2920 demandato
1569 2867 1595 2924 S.
1610 2867 1643 2922 D.
1658 2867 1693 2923 N.

422 2958 448 3011 in
468 2957 608 3011 secretaria
630 2955 785 3027 apostoliea.
815 2953 973 3009 Aufschrift:
993 2955 1146 3026 Registrum
1164 2953 1251 3008 bullae
1266 2955 1465 3008 commissionis
1485 2953 1694 3026 dispensationis

422 3032 583 3099 matrimonii
608 3042 730 3115 Angliae.
768 3043 872 3100 Orvieti
895 3053 921 3097 et
939 3043 1058 3098 Viterbii.
1095 3041 1126 3096 In
1149 3043 1195 3096 der
1218 3042 1417 3096 vorstehenden
1442 3041 1565 3114 Fassung
1586 3044 1622 3098 ist
1645 3043 1694 3098 das

422 3132 576 3188 Dokurnent
594 3131 722 3204 gedruclrt
740 3131 783 3186 bei
802 3131 914 3185 Herbert
932 3130 949 3186 l.
968 3147 990 3185 c.
1010 3147 1035 3202 p.
1053 3145 1110 3200 107,
1130 3131 1172 3184 bei
1191 3131 1299 3185 Pococlr
1317 3131 1336 3185 1.
1358 3129 1416 3200 167,
1436 3131 1479 3184 bei
1498 3130 1596 3186 beiden
1614 3141 1694 3186 uuter

421 3221 484 3274 dem
502 3221 612 3274 Datum:
632 3220 743 3274 Viterbii
755 3220 802 3279 VI.
832 3218 870 3275 ld.
889 3219 952 3273 iunii
973 3219 1048 3288 1528,
1066 3219 1093 3272 in
1112 3218 1158 3273 der
1171 3219 1297 3273 Variante
1315 3218 1357 3273 tin
1369 3219 1484 3292 Wolsey
1504 3219 1559 3274 und
1577 3219 1692 3274 Canter-

422 3309 488 3382 bury
507 3308 549 3362 bei
568 3309 676 3378 Rymer,
700 3305 819 3362 Foedera
839 3321 879 3373 14,
899 3322 957 3376 237.
994 3307 1046 3360 Die
1065 3307 1221 3378 anglischen
1239 3305 1377 3361 Entwurse
1400 3306 1503 3361 lindie
1523 3307 1694 3380 (Detretal)

422 3395 497 3452 Bulle
522 3397 617 3450 stehen
642 3395 684 3451 bei
709 3396 816 3450 Burnet.
834 3395 854 3450 1.
877 3393 998 3450 Coun.
1023 3413 1049 3450 n.
1071 3411 1110 3462 to,
1135 3395 1199 3450 Poc.
1218 3395 1238 3451 1.
1265 3412 1290 3466 p.
1310 3395 1352 3451 28.
1389 3395 1483 3467 Vergl.
1508 3397 1620 3451 Brewer
1644 3397 1692 3454 IV.

421 3501 447 3539 n.
468 3483 543 3554 3643.
580 3473 653 3539 tiber
676 3483 719 3537 die
732 3482 1006 3537 Verschiedenheiten
1028 3482 1065 3536 im
1083 3481 1183 3536 Datum
1206 3483 1259 3536 und
1282 3484 1308 3537 in
1333 3483 1379 3537 der
1398 3481 1521 3555 Fassung
1544 3484 1592 3538 der
1615 3485 1693 3540 Eulle

421 3572 504 3644 vergl.
523 3573 613 3627 meine
626 3570 767 3626 Aufsitze:
787 3571 838 3625 Die
857 3569 1003 3642 papstliche
1022 3571 1171 3639 Dekretale,
1190 3571 1290 3626 Histor.
1309 3572 1398 3644 Jahrb.
1416 3571 1483 3626 1888
1502 3573 1529 3628 S.
1546 3587 1586 3644 37,
1607 3587 1657 3644 245
1674 3573 1692 3630 t.

971 3783 1034 3866 23.

434 3942 610 4010 Promissio
635 3941 811 4008 Clementis
834 3940 934 4027 Papae
954 3939 1035 4022 Vll,
1059 3940 1125 4007 eius
1148 3963 1245 4007 manu
1268 3941 1393 4028 scripta,
1417 3941 1450 4008 in
1474 3965 1568 4009 causa

315 4051 443 4119 divortii
465 4049 549 4136 regis
573 4060 604 4116 et
626 4049 755 4136 reginae
778 4044 926 4135 Angliae,
950 4068 1023 4112 cum
1046 4045 1150 4133 sigillo
1173 4047 1311 4134 signata,
1334 4045 1452 4136 absque
1476 4047 1528 4116 die
1551 4060 1584 4116 et
1608 4048 1691 4117 data.

769 4151 931 4242 (Viterbo,
956 4169 1007 4238 23.
1030 4149 1092 4236 Juli
1120 4151 1231 4240 1528.)

424 4311 587 4385 Verrpreclren
605 4311 649 4364 des
667 4309 774 4383 Papstes,
792 4309 900 4362 diaden
918 4309 1006 4362 beiden
1020 4307 1183 4363 Kardindlen
1202 4311 1299 4364 maille
1313 4311 1486 4366 Kommt'ssion
1505 4313 1575 4367 nicht
1592 4313 1692 4368 wider-

313 4403 388 4474 rusen
407 4401 469 4456 oder
482 4400 625 4470 entlerdsten
643 4415 673 4468 qu
691 4399 792 4462 wollen,
810 4397 918 4450 sunderat
934 4413 1015 4468 gagen
1034 4398 1085 4451 alle
1103 4396 1223 4452 Versuclae
1241 4399 1357 4470 aufreclat
1375 4417 1406 4470 qu
1421 4401 1536 4455 ethalon
1555 4404 1609 4456 und
1628 4405 1692 4458 alles

313 4507 343 4560 qu
362 4491 508 4560 bestdtigen,
532 4505 587 4541 was
604 4487 646 4540 die
664 4486 809 4540 Kordimile
832 4485 884 4556 auf
900 4483 993 4538 Grund
1010 4485 1136 4566 derselbfn
1159 4486 1316 4557 beschliessen
1339 4489 1394 4542 aad
1411 4507 1442 4558 qu
1462 4489 1540 4544 Recht
1564 4492 1692 4547 abenner

312 4579 422 4632 werden.

419 4700 504 4767 Cum
534 4719 594 4766 nos
622 4697 772 4765 iustitiam
801 4697 868 4764 eius
897 4718 1007 4763 causae
1033 4695 1283 4784 perpendentes,
1317 4723 1413 4788 quarn
1445 4703 1628 4771 carissimus
1657 4707 1693 4773 in

314 4806 443 4873 Christo
460 4803 480 4872 f.
498 4829 529 4873 n.
546 4803 703 4870 Henricus
720 4814 850 4871 octavus
862 4800 995 4889 Angliae
1011 4823 1066 4869 rex
1080 4801 1218 4887 illustris,
1233 4803 1308 4872 fidei
1324 4804 1475 4875 defensor
1487 4828 1520 4877 et
1536 4807 1693 4879 domiuus

313 4911 493 5002 Hiberniae,
518 4907 557 4974 de
581 4909 647 4975 eius
672 4908 866 4976 matrimonii
890 4907 1030 4977 nullitate
1053 4908 1136 4996 apud
1159 4933 1221 4978 nos
1245 4914 1402 5000 exposuit,
1426 4915 1516 5004 quod
1540 4940 1616 4984 cum
1641 4941 1694 4987 ca-
