3824 5528
208 353 276 406 ¹5³⁰
295 335 460 409 Septmnber.

863 499 922 583 al.

308 641 487 708 Clemens
506 640 576 706 VH.
600 663 639 706 an
664 637 714 706 die
739 640 969 727 englischen
994 642 1170 710 Prilaten
1195 642 1268 710 und
1294 641 1472 712 Grossen.

315 799 379 853 Eine
397 801 499 864 undere,
518 799 650 852 inhaltlr'ch
668 801 715 852 mit
728 800 774 851 der
793 801 971 852 vorstebenden
989 801 1086 870 gleicba
1101 801 1215 872 Passuag
1232 803 1278 854 der
1293 804 1447 874 papstlichen
1462 804 1580 858 Antwort

205 907 239 941 on
258 890 302 940 die
321 889 462 960 mglischen
481 887 571 940 Lords.

313 1011 429 1079 Dilecti
445 1009 500 1078 filii
516 1011 658 1078 salutem.
705 1011 755 1078 Ad
779 1011 868 1078 XVI.
886 1011 971 1079 diem
988 1012 1079 1080 huius
1105 1015 1223 1080 mensis
1239 1013 1380 1081 redditae
1399 1027 1473 1083 sunt
1489 1015 1580 1083 nobis

206 1119 328 1185 litterae
356 1129 494 1200 vestrae,
528 1117 639 1206 quibus
669 1139 815 1184 accusare
848 1119 963 1185 mirum
997 1119 1029 1185 in
1058 1117 1191 1186 modum
1221 1118 1372 1187 videmini
1403 1121 1580 1190 tarditatem

205 1235 352 1292 nostram
380 1225 413 1290 in
441 1222 616 1292 decidenda
644 1224 714 1306 lite,
743 1246 822 1312 quae
851 1221 890 1290 de
919 1225 1126 1292 matrimonio
1155 1237 1202 1293 est
1233 1226 1314 1294 inter
1343 1228 1521 1295 carissimos
1549 1229 1581 1296 in

207 1330 340 1399 Christo
362 1330 446 1398 filios
469 1343 598 1399 nostros
621 1331 796 1399 Henricum
812 1333 946 1420 Angliae
969 1355 1080 1421 regem
1104 1331 1156 1412 ill,
1180 1332 1278 1399 Dom.
1304 1331 1484 1416 Hiberniae,
1507 1331 1581 1401 fidei

208 1435 427 1520 defensorem,
452 1449 483 1505 et
510 1437 715 1505 Catberinam
738 1439 891 1525 reginam.
938 1440 1007 1506 Vos
1030 1461 1119 1520 vero,
1144 1440 1169 1504 si
1193 1451 1245 1506 aut
1268 1440 1409 1506 animum
1435 1451 1579 1507 nostrum

208 1566 283 1630 erga
311 1566 422 1631 regem
447 1545 565 1631 ipsum,
596 1567 690 1632 quem
720 1545 843 1631 saepius
872 1544 1108 1626 declaravimus,
1138 1545 1303 1632 cognitum
1333 1545 1502 1628 haberetis,
1531 1567 1583 1613 aut

206 1672 371 1716 sacrorum
411 1673 586 1732 canonum,
619 1648 892 1738 quemadmodum
923 1673 981 1717 vos
1014 1649 1216 1718 ecclesiarum
1250 1663 1281 1716 et
1314 1653 1580 1719 monasteriorum

207 1755 364 1844 praelatos
388 1767 561 1844 oporteret,
586 1757 711 1823 nonita
734 1755 889 1843 profecto,
913 1768 948 1823 ut
963 1755 1092 1838 fecistis,
1115 1755 1170 1823 sed
1186 1757 1348 1823 remissius
1371 1758 1581 1845 scripsissetis.

208 1861 280 1928 Nos
304 1863 389 1928 enim
413 1885 556 1929 amamus
579 1885 689 1950 regem
713 1864 817 1951 ipsum
842 1875 875 1930 ut
897 1860 997 1929 filium
1021 1863 1228 1944 carissimum,
1253 1875 1284 1930 et
1309 1886 1381 1930 cum
1405 1864 1472 1931 eius
1495 1887 1582 1952 prae-

209 1967 306 2035 claras
330 1968 459 2036 virtutes
484 1981 602 2036 ettam
627 1967 724 2036 multa
748 1981 779 2036 et
803 1969 940 2035 maxima
969 1970 1001 2035 in
1026 1992 1086 2036 nos
1110 1981 1203 2056 atque
1226 1970 1257 2036 in
1282 1967 1397 2036 Sedem
1422 1971 1583 2057 Apostoli-

210 2097 280 2141 cam
297 2075 418 2156 merita,
435 2097 572 2163 quorum
588 2097 647 2142 vos
663 2075 829 2141 minimam
845 2085 968 2162 partem
985 2077 1258 2158 commemoratis,
1275 2089 1384 2144 mente
1400 2078 1582 2165 repetimus,

209 2202 290 2269 quae
313 2178 442 2269 quidem
465 2179 559 2247 nobis
582 2181 739 2247 inanimo
762 2181 855 2248 insita
877 2193 951 2248 sunt
973 2204 1033 2248 nec
1056 2181 1130 2250 inde
1147 2180 1225 2248 elabi
1248 2195 1398 2270 possunt:
1424 2182 1502 2249 nihil
1526 2196 1583 2264 est,

210 2285 298 2376 quod
321 2309 389 2354 non
418 2285 497 2353 illius
522 2309 613 2354 causa
642 2288 815 2375 cupiamus,
843 2286 935 2368 nihil,
959 2310 1023 2375 quo
1048 2289 1114 2354 eius
1136 2288 1335 2356 Maiestatem
1366 2288 1583 2376 dignissimam

210 2415 278 2459 non
302 2392 486 2460 iudicemus.
534 2391 597 2460 Sed
621 2416 693 2460 cum
717 2390 873 2474 videmus,
897 2415 957 2459 nos
981 2394 1012 2458 in
1038 2415 1077 2460 eo
1102 2393 1175 2461 loco
1200 2417 1284 2476 esse,
1312 2392 1396 2461 unde
1421 2417 1583 2460 summurn

210 2501 258 2566 ius
282 2499 455 2586 procedere
484 2498 593 2581 debet,
622 2499 707 2567 iuxta
735 2498 809 2566 illud
833 2498 1055 2587 Apocalypsis:
1084 2499 1129 2566 Ex
1158 2523 1215 2567 ore
1242 2498 1381 2567 sedentis
1409 2501 1441 2568 in
1464 2501 1583 2567 throno

211 2603 356 2694 procedit
378 2604 499 2693 gladius
528 2603 575 2671 bis
603 2617 727 2687 acutus,
751 2604 837 2694 quod
861 2603 942 2692 apud
968 2627 1106 2672 canones
1134 2607 1365 2693 interpretatur,
1394 2608 1584 2674 sententiam

210 2712 330 2778 summi
358 2709 522 2778 Pontificis
553 2709 667 2779 debere
700 2733 769 2778 esse
799 2711 1007 2779 rectissimam
1038 2722 1067 2777 et
1100 2711 1183 2778 iuxta
1213 2709 1317 2797 legem
1349 2709 1503 2794 divinam,
1532 2711 1583 2779 ubi

211 2820 450 2906 scriptumest:
478 2817 524 2885 lta
546 2815 696 2884 iudicabis
725 2839 877 2904 magnum
907 2819 987 2884 sicut
1010 2839 1140 2904 parvum
1169 2818 1237 2883 sine
1268 2815 1369 2905 aliqua
1397 2819 1585 2904 exceptione

211 2945 436 3013 personarum;
466 2947 538 2990 cum
554 2923 650 3011 igitur
672 2923 748 2991 haec
772 2934 803 2990 et
826 2921 883 2990 alia
899 2923 947 2989 his
971 2922 1083 2990 similia
1106 2924 1139 2988 in
1155 2924 1264 2988 animo
1280 2922 1484 3004 revolvimus,
1508 2923 1585 2990 nihil

211 3031 272 3098 nisi
296 3031 423 3112 iustum,
448 3029 526 3097 nihil
548 3031 609 3097 nisi
631 3041 754 3097 rectum
778 3027 938 3116 agendum
961 3028 1054 3095 nobis
1078 3050 1147 3095 esse
1171 3029 1358 3115 putavimus.

317 3136 426 3226 Itaque
450 3160 467 3203 a
489 3137 657 3224 principio,
681 3159 753 3202 cum
777 3136 856 3223 regii
878 3145 1020 3203 oratores
1044 3132 1083 3200 ad
1099 3157 1160 3201 nos
1183 3132 1366 3201 huiusmodi
1383 3157 1507 3202 causam
1532 3135 1585 3202 de-

211 3241 361 3324 tulerunt,
385 3243 482 3309 animi
498 3243 598 3309 nostri
619 3242 869 3329 propensionem
886 3241 987 3328 magis
1003 3263 1099 3328 quam
1122 3241 1196 3306 iuris
1213 3241 1358 3326 vigorem
1382 3241 1481 3307 secuti
1497 3263 1585 3306 com-

213 3349 357 3414 misimus
381 3347 464 3414 illam
495 3347 615 3415 dilectis
642 3346 713 3414 filiis
743 3347 860 3413 nostris
884 3345 1033 3413 Thomae
1061 3344 1141 3412 tituli
1164 3346 1195 3412 S.
1217 3343 1372 3413 Caeciliae
1395 3343 1585 3412 Eboracensi

212 3466 245 3522 et
267 3453 438 3521 Laurentio
463 3454 542 3521 tituli
566 3455 597 3521 S.
622 3453 824 3520 Anastasiae¹
848 3451 888 3519 de
909 3451 1087 3538 Campegio
1111 3449 1300 3540 presbyteris
1325 3449 1529 3518 cardinalibus
1553 3453 1585 3518 in

213 3561 280 3626 eius
304 3582 417 3648 regno,
441 3562 543 3627 immo
566 3561 598 3626 in
624 3561 689 3626 eius
713 3558 814 3625 domo
838 3555 1026 3624 audiendam
1051 3567 1082 3624 et
1105 3556 1347 3636 terminandam,
1375 3579 1455 3644 quae
1477 3568 1584 3624 umen

213 3677 343 3754 propter
366 3667 464 3733 multa
486 3688 664 3754 magnaque
689 3663 791 3746 dubia,
815 3687 895 3753 quae
919 3665 949 3729 in
975 3686 1011 3730 ea
1034 3674 1117 3745 sunt,
1141 3659 1268 3729 diffiniri
1293 3683 1358 3728 non
1382 3663 1501 3748 potuit3
1530 3663 1586 3730 sed

213 3795 309 3840 exeo
332 3784 455 3840 tantum
480 3773 594 3840 coniici
618 3783 732 3860 potest:
758 3769 850 3838 nobis
875 3772 1030 3836 maximae
1047 3792 1139 3836 curae
1163 3791 1243 3849 esse,
1267 3781 1302 3834 ut
1321 3766 1478 3836 eiusmodi
1494 3791 1586 3836 causa

212 3877 311 3946 finem
336 3878 480 3961 haberet,
505 3903 577 3946 cum
603 3877 644 3944 ob
668 3877 725 3944 alia
748 3876 861 3959 multa,
889 3889 957 3942 tum
982 3888 1157 3964 praeterea,
1188 3893 1222 3941 ut
1245 3896 1300 3942 rex
1323 3875 1389 3962 ipse
1412 3873 1450 3940 ab
1475 3897 1510 3942 ea
1533 3873 1585 3942 lite

212 3983 395 4051 liberaretur
411 3987 616 4074 animumque
636 3985 675 4051 ad
690 3983 762 4051 alias
778 3983 992 4070 cogitationes
1008 3980 1194 4063 traduceret,
1218 3978 1330 4070 quibus
1345 3979 1481 4068 gloriam
1497 4003 1586 4047 suam

212 4109 353 4178 augeret.
390 4091 510 4158 Verum
527 4103 734 4179 posteaquam
757 4091 886 4176 reginae
901 4106 1124 4176 procuratores
1147 4085 1187 4154 de
1204 4109 1243 4153 eo
1263 4085 1522 4168 reclamaverunt,
1546 4109 1587 4152 ne

213 4196 380 4285 quisquam
409 4196 448 4264 de
472 4196 563 4264 nobis
591 4197 672 4264 iuste
697 4197 848 4285 conqueri
877 4207 1000 4283 posset,
1030 4206 1061 4261 et
1084 4205 1119 4261 ut
1141 4195 1209 4261 sine
1233 4195 1414 4280 suspicione
1437 4192 1585 4261 iudicium

212 4301 411 4391 procederet,
435 4325 561 4370 causam
584 4302 622 4369 ad
647 4324 707 4368 nos
730 4300 964 4382 advocavimus,
989 4323 1028 4367 eo
1047 4298 1166 4366 scilicet
1189 4299 1308 4381 anim0,
1332 4311 1366 4366 ut
1389 4300 1497 4365 omnia
1521 4297 1587 4366 dili-

214 4410 340 4496 gentius
368 4420 459 4476 antea
487 4421 764 4496 perscrutaremur,
793 4430 888 4496 quam
916 4407 1105 4473 sententiam
1136 4403 1358 4492 proferremus.
1405 4405 1488 4472 Nam
1514 4428 1586 4472 cuni

214 4538 401 4605 unaquaque
424 4517 455 4581 in
481 4538 514 4581 re
530 4515 727 4582 considerate
743 4511 981 4602 procedendum
1005 4510 1097 4578 uobis
1115 4522 1172 4592 est,
1196 4521 1264 4577 tum
1280 4508 1382 4576 multo
1399 4509 1494 4576 etiam
1511 4531 1587 4576 con-

213 4619 378 4689 sideratius
402 4623 435 4686 in
458 4621 515 4687 hac
544 4618 782 4708 procedendum
811 4631 968 4706 putamus,
999 4639 1079 4706 quae
1109 4629 1140 4683 et
1162 4615 1271 4703 magui
1299 4615 1458 4682 momenti
1486 4627 1534 4682 est
1557 4629 1588 4682 et

213 4728 297 4794 inter
320 4728 405 4794 viros
433 4725 566 4793 illustres
590 4728 702 4813 agitur,
732 4727 817 4793 etin
841 4747 935 4813 quam
964 4745 1079 4790 omnes
1103 4719 1214 4789 oculos
1243 4721 1407 4787 coniectos
1430 4718 1585 4787 videmus.

304 4856 409 4864 .---‹

321 4911 329 4942 ¹
348 4903 399 4957 Ein
412 4903 507 4957 Irrtum
526 4904 573 4958 des
586 4903 747 4969 Versassers,
768 4902 800 4956 da
813 4900 983 4972 Campeggio
997 4898 1072 4954 wohl
1091 4915 1139 4952 vor
1153 4898 1260 4951 kurzem
1279 4895 1515 4967 Kardiualpriester
1535 4915 1587 4951 von

213 4976 251 5030 St.
272 4975 420 5042 Anastasia,
440 4974 482 5027 bei
502 4974 547 5027 der
567 4973 694 5045 Sendung
714 4971 782 5026 nach
800 4970 923 5042 Englaud
941 4971 1003 5024 aber
1022 4985 1075 5022 von
1095 4969 1131 5028 St,
1151 4967 1233 5022 Maria
1252 4967 1278 5020 iu
1298 4967 1457 5022 Trastevere
1476 4985 1540 5021 war.

1432 5075 1466 5120 rt·
