3850 5534
316 295 420 365 XLIV
1529 313 1690 388 Einleiturrg.

315 473 538 564 supplicatum,
568 493 601 542 ut
624 473 679 541 tibi
707 471 887 542 facultatem
911 473 1177 557 concederemus,
1206 497 1223 542 a
1247 475 1426 563 praemissis
1449 477 1532 542 votis
1561 487 1592 542 et
1615 498 1690 564 pro-

315 582 436 670 positis,
465 604 545 671 quae
568 579 658 648 saluti
686 579 787 648 dictae
814 591 887 656 tuae
910 581 1018 646 uxoris
1047 591 1079 646 et
1101 592 1223 648 vestrae
1252 579 1383 648 maritali
1406 581 1630 649 consuetudini
1653 606 1689 650 ac

316 687 453 755 filiorum
480 687 708 774 procreationi,
737 684 912 753 secundum
942 685 1072 752 consilia
1100 684 1300 754 medicorum
1329 699 1360 754 et
1388 688 1505 774 patriae
1534 710 1570 755 ac
1601 710 1689 754 com-

315 795 471 883 plexionis
499 816 574 860 suae
602 791 783 882 qualitatem
812 791 936 860 obstare
964 791 1122 875 videntur,
1152 793 1237 859 illam
1266 793 1424 860 retrahere
1452 817 1487 860 ac
1517 816 1551 860 ea
1580 795 1690 860 omnia

316 902 501 969 auctoritate
526 918 633 967 nostra
657 897 827 986 infringere
850 921 972 986 posses.
1018 899 1089 966 Nos
1113 900 1208 986 igitur
1230 897 1440 982 attendentes,
1464 898 1552 989 quod
1571 901 1617 967 vir
1641 913 1690 968 est

316 1019 409 1096 caput
431 1007 539 1074 uxoris
563 1017 594 1073 et
616 1003 702 1095 quod
726 1005 808 1072 inter
831 1005 997 1092 praecipua
1020 1003 1103 1071 bona
1127 1005 1323 1072 matrimonii
1343 1017 1590 1072 connumeratur
1615 1004 1690 1074 edu-

316 1116 398 1181 catio
414 1111 522 1202 prolis,
541 1110 725 1179 huiusmodi
740 1109 1021 1199 supplicationibus
1037 1109 1186 1194 inclinati,
1202 1110 1258 1179 tibi
1274 1109 1466 1199 praedictam
1483 1111 1689 1179 Catherinam

317 1222 489 1308 coniugem
512 1230 610 1300 tuam,
634 1241 674 1284 ne
697 1229 773 1284 vota
796 1228 828 1284 et
850 1219 1012 1305 proposita
1036 1218 1230 1300 orationum,
1255 1218 1459 1300 ieiuniorum,
1482 1216 1689 1286 abstinentiae

316 1339 369 1393 aut
392 1325 655 1414 peregrinationis
683 1344 735 1390 aut
760 1346 798 1390 ex
822 1346 1008 1412 quacunque
1032 1322 1089 1390 alia
1113 1346 1204 1390 causa
1226 1345 1282 1412 per
1306 1347 1376 1390 eam
1407 1325 1521 1391 emissa
1544 1347 1690 1412 procrea-

316 1433 397 1500 tioni
424 1430 596 1499 liberorum
625 1441 658 1497 ut
685 1429 858 1518 praefertur
887 1428 1044 1498 obstantia
1071 1429 1187 1520 absque
1210 1441 1264 1497 tua
1293 1430 1504 1520 permissione
1532 1427 1689 1511 observet,

316 1534 498 1605 retrahendi
528 1549 559 1603 et
582 1533 736 1622 cogendi,
766 1548 798 1602 et
827 1536 948 1618 eidem,
979 1559 1019 1603 ne
1043 1534 1082 1602 de
1114 1547 1221 1603 cetero
1249 1535 1320 1604 talia
1343 1554 1419 1603 vota
1446 1535 1496 1603 vel
1525 1536 1691 1623 proposita

318 1645 454 1726 emittat,
478 1640 653 1726 inhibendi,
675 1654 707 1709 et
729 1642 754 1708 si
778 1653 889 1708 contra
912 1641 1135 1709 inhibitionem
1158 1654 1245 1709 tuam
1274 1641 1324 1709 illa
1347 1643 1497 1724 emiserit,
1521 1640 1559 1708 ab
1583 1640 1690 1708 obser·

316 1751 444 1818 vatione
473 1770 586 1816 eorum
615 1747 751 1815 eandem
778 1747 973 1836 impediendi
1001 1746 1194 1838 [facultatem
1223 1746 1459 1838 concedimus],
1488 1759 1540 1815 aut
1566 1745 1628 1838 [ut]
1655 1748 1690 1813 in

316 1855 502 1944 praeteritis,
530 1855 556 1920 si
579 1854 680 1941 magis
703 1853 868 1942 placuerit,
898 1852 947 1920 illa
975 1855 1009 1920 in
1032 1854 1089 1921 alia
1118 1855 1241 1942 pietatis
1265 1877 1361 1943 opera
1389 1855 1474 1922 iuxta
1497 1852 1690 1921 confessoris

317 1963 436 2050 proprii
456 1959 586 2027 consilia
609 1960 800 2027 commutari
816 1958 990 2047 apostolica
1013 1962 1197 2028 auctoritate
1221 1961 1345 2048 possint
1369 1973 1400 2027 et
1427 1958 1572 2027 debeant.
1611 1959 1689 2027 Non

317 2065 513 2135 obstantibus
541 2065 820 2134 constitutionibus
853 2085 883 2132 et
912 2064 1163 2134 ordinationibus
1195 2065 1377 2155 apostolicis
1409 2067 1585 2155 ceterisque
1613 2087 1689 2132 con-

316 2176 418 2241 trariis
442 2172 689 2263 quibuscunque.

424 2315 540 2382 Datum
565 2315 699 2397 Romae,
724 2334 775 2381 20.
800 2312 952 2381 Octobris
981 2333 1072 2399 1505.
1120 2316 1216 2380 Anno
1241 2313 1392 2381 secundo
