3810 5528
349 281 409 340 134
1498 297 1617 352 Olrtober
1638 313 1711 368 15²9·

345 451 482 538 parlassi‚
506 450 598 518 hebbi
622 453 650 519 le
675 451 736 518 due
759 451 868 520 ultime
893 452 923 521 di
943 454 982 520 V.
1008 454 1039 520 S.
1065 454 1095 521 di
1119 455 1181 522 XII
1204 456 1350 544 d'agosto
1376 468 1407 524 et
1429 457 1458 523 Π
1481 456 1512 523 (11
1536 455 1713 544 septembre

346 557 397 623 col
424 555 519 624 breve
547 581 564 623 a
588 558 649 624 Sua
672 558 794 625 Maesta
822 559 902 626 circa
930 561 958 625 la
982 562 1186 628 revocatione
1216 560 1255 628 de
1279 562 1307 628 le
1337 585 1469 630 censure
1499 574 1529 629 et
1552 584 1633 650 pene
1660 585 1713 649 pe-

346 665 481 730 cuniarie
506 681 536 730 et
559 665 768 751 suspensione
792 663 831 730 de
854 665 881 731 la
899 688 990 732 causa
1013 664 1079 732 lino
1103 691 1120 733 a
1143 667 1255 749 natale,
1281 679 1311 734 et
1334 691 1428 755 sopra
1451 667 1482 734 di
1506 679 1614 756 queste
1638 690 1714 733 cose

345 767 404 836 feci
427 792 444 835 a
468 769 566 856 lungo
590 770 832 856 ragionamento
857 793 919 836 con
943 771 974 836 S.
1000 772 1056 853 M.,
1082 772 1382 841 communicandole
1406 785 1437 840 et
1460 772 1649 840 riferendole
1675 771 1714 840 de

345 875 373 942 le
396 874 506 943 lettere
522 885 640 963 quanto
665 876 709 941 mi
732 898 826 963 parve
849 878 881 941 in
898 879 1074 965 proposito.
1121 879 1164 944 La
1187 877 1276 967 quale
1301 881 1381 947 circa
1404 878 1432 946 la
1456 878 1715 946 confederatione

345 1005 412 1049 non
440 981 507 1048 fece
536 981 636 1048 molte
662 981 785 1068 parole,
810 1005 869 1048 nec
897 982 1048 1065 laudavit,
1078 1007 1136 1050 nec
1160 986 1355 1072 vituperavit.
1402 985 1452 1052 Ne
1477 986 1558 1052 circa
1586 985 1613 1051 la
1641 1008 1716 1053 avo-

345 1090 470 1156 catione
493 1087 533 1154 de
557 1086 583 1153 la
608 1111 698 1154 causa
726 1111 783 1175 per
806 1089 834 1154 le
859 1110 933 1156 cose
962 1111 1107 1176 precesse
1135 1093 1258 1158 mostrd
1284 1093 1377 1158 etiam
1401 1092 1504 1159 molto
1533 1091 1715 1178 dispiacere‚

345 1218 396 1261 ma
425 1193 485 1261 ben
517 1196 642 1261 mostrd
671 1193 702 1261 di
727 1193 842 1261 dolersi
872 1193 901 1261 di
925 1196 966 1262 N.
991 1195 1127 1283 Signore
1156 1209 1186 1264 et
1215 1196 1245 1265 di
1273 1221 1341 1279 me,
1372 1199 1429 1265 che
1460 1197 1488 1265 le
1517 1199 1607 1264 sieno
1636 1208 1717 1264 state

345 1299 416 1368 date
439 1300 556 1388 parole.

452 1405 613 1487 »Quando
637 1407 669 1472 io
694 1405 721 1473 11
746 1405 853 1474 diceva
877 1406 905 1473 le
930 1430 1021 1474 cause
1045 1408 1084 1475 de
1108 1408 1328 1490 l'avocatione,
1356 1411 1399 1474 mi
1425 1408 1507 1476 disse
1531 1419 1641 1497 queste
1665 1431 1719 1496 pa-

343 1513 411 1580 role
434 1512 574 1579 formali:
601 1513 706 1579 Vestri
730 1514 850 1600 optime
874 1514 977 1581 sciunt
1000 1515 1245 1581 accommodare
1269 1514 1362 1583 verba
1385 1517 1541 1602 tempori;
1574 1513 1630 1582 sed
1655 1513 1718 1580 Sua

344 1619 497 1686 Sanctitas
521 1643 556 1685 ac
580 1642 638 1685 vos
662 1619 757 1699 scitis,
786 1618 873 1708 quod
897 1621 975 1686 mihi
998 1619 1055 1688 fuit
1083 1619 1294 1708 significatum
1318 1621 1355 1688 ab
1379 1621 1480 1704 Urbe,
1508 1632 1542 1687 ut
1565 1618 1718 1687 deberem

344 1747 513 1814 procurare
542 1726 748 1806 sententiam,
778 1748 839 1814 qua
868 1725 927 1793 lata
958 1749 1008 1796 res
1036 1745 1146 1814 postea
1177 1748 1261 1794 esset
1290 1725 1416 1794 alterius
1446 1745 1585 1794 naturae.
1631 1726 1670 1792 Io
1699 1725 1719 1792 li

343 1833 457 1919 risposi
485 1831 600 1918 prima,
630 1831 687 1897 che
711 1851 829 1920 quanto
854 1857 870 1898 a
894 1857 947 1898 me
976 1834 1038 1898 mai
1067 1836 1107 1899 ne
1132 1831 1358 1900 directamente
1390 1837 1431 1898 111
1455 1831 1720 1899 indirectamente

345 1941 390 2002 mi
413 1959 464 2004 era
493 1949 669 2024 pervenuto
693 1961 710 2002 a
733 1939 845 2005 notitia
873 1961 947 2004 cosa
970 1938 1079 2005 alcuna
1107 1937 1137 2004 di
1162 1957 1286 2028 questo,
1316 1956 1347 2005 et
1370 1937 1401 2006 di
1424 1939 1466 2005 N.
1491 1938 1627 2026 Signore
1654 1961 1720 2004 111-

344 2042 426 2110 devo
450 2042 472 2109 il
494 2042 683 2124 medesimo,
713 2042 828 2130 perche
852 2066 928 2130 pure
958 2044 1078 2112 n’harei
1106 2045 1211 2112 inteso
1242 2044 1373 2134 qualche
1402 2067 1493 2127 cosa3
1527 2043 1585 2110 che
1615 2067 1652 2110 se
1682 2041 1721 2109 da

344 2148 412 2215 altri
435 2149 455 2214 li
473 2171 524 2216 era
547 2161 629 2217 stato
647 2150 764 2237 scripto
789 2162 912 2238 quest0‚
937 2152 969 2216 io
987 2173 1055 2216 non
1079 2173 1192 2238 sapeva
1215 2155 1257 2217 111
1285 2163 1401 2239 poteva
1423 2149 1558 2217 rendere
1573 2150 1719 2237 ragione.

343 2255 382 2322 Et
405 2254 436 2322 di
460 2257 514 2343 poi
538 2279 598 2322 son
622 2267 704 2322 stato
728 2257 761 2321 in
786 2254 892 2338 dubio,
917 2257 975 2324 che
999 2256 1104 2345 quello
1128 2256 1187 2323 che
1211 2258 1322 2324 scrisse
1346 2255 1384 2324 da
1402 2257 1507 2324 Roma
1530 2255 1551 2322 il
1574 2256 1632 2321 Dr.
1651 2255 1722 2322 Ste-

344 2361 461 2448 phano,
490 2361 586 2428 haver
610 2361 648 2428 da
677 2363 896 2429 communicat
919 2385 981 2429 con
1006 2363 1036 2428 S.
1062 2363 1106 2430 M.
1132 2361 1162 2428 di
1193 2363 1290 2430 molta
1318 2364 1522 2450 importantia
1550 2363 1583 2428 in
1607 2373 1721 2450 questa

344 2490 399 2534 sua
415 2491 517 2550 causa,
540 2467 624 2534 fusse
641 2490 702 2534 una
723 2466 763 2534 tal
780 2472 881 2550 cosa,¹
904 2467 1026 2535 benche
1042 2471 1074 2534 io
1092 2491 1158 2534 non
1174 2493 1227 2535 me
1244 2492 1284 2535 ne
1301 2467 1410 2536 habbia
1433 2479 1547 2556 potuto
1564 2465 1721 2534 verificar.

345 2572 511 2662 Quidquid
533 2573 565 2640 id
589 2575 638 2654 sit,
662 2596 718 2661 per
740 2585 802 2640 star
825 2597 884 2660 pur
899 2573 930 2640 S.
948 2574 992 2640 M.
1017 2577 1048 2640 in
1073 2588 1183 2662 questa
1198 2576 1362 2662 opinione,
1386 2575 1415 2640 ci
1436 2573 1542 2640 esserli
1565 2595 1722 2660 persuaso

345 2679 384 2747 da
407 2679 485 2762 altri,
510 2691 623 2769 questo
648 2681 853 2746 matrimonio
879 2678 918 2746 de
941 2682 1007 2746 iure
1032 2680 1139 2747 divino
1164 2682 1299 2747 omnino
1324 2703 1409 2747 esser
1433 2663 1530 2761 nullo,
1561 2702 1629 2744 non
1656 2680 1723 2766 pub

347 2807 431 2852 esser
455 2787 513 2852 che
529 2786 660 2852 l'animo
685 2784 715 2852 di
732 2785 762 2852 S.
780 2786 824 2851 M.
850 2809 917 2852 non
938 2787 981 2852 sia
1005 2786 1153 2875 alquanto
1178 2785 1307 2853 alterato
1333 2798 1364 2853 et
1387 2809 1454 2852 non
1480 2787 1504 2851 si
1529 2783 1636 2871 dolga,
1664 2785 1724 2851 che

346 2891 374 2958 la
398 2915 470 2958 cosa
494 2914 561 2958 non
585 2892 630 2958 sia
653 2913 801 2958 successo
826 2915 843 2957 1
866 2915 925 2958 suo
950 2891 1082 2958 modo«

454 2997 509 3063 »ln
525 2997 670 3086 reliquis«
696 2997 727 3064 S.
744 2997 789 3063 M.
814 3009 861 3063 sta
878 2997 906 3064 di
932 2997 1018 3064 buon
1034 2999 1143 3064 animo
1167 2999 1260 3065 111111
1284 2997 1324 3064 ha
1340 2998 1439 3080 detto,
1465 3009 1495 3063 et
1519 3009 1607 3064 certo
1625 3020 1725 3063 come

347 3104 390 3168 mi
413 3125 527 3189 pareva
551 3102 680 3184 vedere,
705 3127 743 3169 ex
767 3101 879 3184 corde,
912 3102 970 3169 che
993 3103 1035 3169 lui
1060 3125 1126 3169 non
1151 3105 1307 3170 mancaria
1331 3105 1393 3169 mai
1417 3101 1449 3168 di
1473 3124 1577 3170 essere
1602 3103 1725 3170 cristia-

347 3209 479 3276 nissimo
504 3231 552 3290 re,
576 3207 640 3275 bon
665 3207 833 3276 defensore
857 3207 897 3275 de
920 3208 947 3274 la
970 3207 1056 3289 fede,
1082 3220 1112 3274 et
1136 3209 1208 3290 che,
1236 3210 1261 3274 si
1284 3221 1372 3276 totus
1396 3206 1533 3275 mundus
1558 3205 1726 3288 deficeret,

347 3338 419 3382 esso
448 3317 509 3381 mai
539 3338 606 3382 non
635 3316 791 3381 mancaria
819 3313 869 3380 del
894 3313 1001 3382 officio
1031 3314 1062 3381 di
1091 3314 1176 3380 buon
1205 3337 1239 3382 re
1268 3315 1427 3381 cristiano.
1473 3313 1511 3380 Et
1542 3315 1574 3380 in
1606 3325 1727 3401 questo

346 3423 590 3509 ragionamento
615 3421 714 3487 entrai
742 3442 783 3486 ne
805 3419 834 3486 le
862 3443 936 3487 cose
960 3418 1138 3486 Lutherane
1168 3432 1198 3487 et
1223 3419 1253 3487 di
1281 3432 1395 3508 questo
1423 3418 1635 3507 parlamentO,
1667 3405 1727 3485 che

348 3529 373 3594 si
398 3525 561 3609 haufare,
587 3545 617 3592 et
641 3525 660 3591 li
683 3525 937 3592 raccommandai
961 3524 1063 3592 molto
1087 3525 1114 3591 la
1137 3524 1247 3593 liberta
1269 3525 1487 3606 ecclesiastica,
1512 3536 1544 3591 et
1563 3536 1655 3591 certo
1683 3526 1728 3590 mi

349 3656 444 3722 parve
472 3632 575 3699 molto
602 3631 664 3699 ben
693 3629 837 3719 disposto
860 3630 962 3697 aben
990 3630 1069 3713 fare,
1097 3654 1152 3718 per
1175 3645 1294 3720 quanto
1323 3630 1351 3697 le
1382 3655 1439 3698 sue
1467 3629 1553 3696 forae
1583 3632 1610 3696 si
1640 3650 1729 3698 sren-

350 3737 517 3804 deranno.
542 3738 640 3825 Dopo
657 3755 770 3825 questo
793 3736 822 3802 11
839 3737 994 3824 presentai
1018 3736 1039 3802 il
1055 3735 1143 3802 detto
1161 3735 1264 3818 breve,
1289 3737 1309 3802 il
1326 3736 1415 3824 quale
1439 3736 1459 3802 li
1476 3734 1508 3802 fu
1524 3736 1729 3822 gratissimo;

351 3845 383 3911 lo
407 3845 486 3912 lesse
514 3856 597 3910 tutto
622 3866 684 3910 1011
708 3843 807 3909 molta
826 3844 1021 3938 attentione,
1051 3854 1082 3908 et
1105 3865 1153 3923 so,
1178 3843 1236 3909 che
1258 3841 1453 3930 leggendolo
1478 3840 1528 3907 alli
1550 3844 1625 3907 suoi
1651 3865 1732 3908 1011-

352 3951 467 4038 siglieri
484 3949 640 4016 dimostrd
664 3949 803 4015 sentirne
820 3946 1028 4034 grandissima
1048 3946 1269 4030 satisfactione,
1295 3960 1325 4015 et
1349 3950 1431 4015 inter
1448 3958 1551 4014 cetera
1574 3945 1595 4012 li
1613 3949 1732 4036 piaque

353 4054 454 4145 quella
478 4053 622 4135 clausula,
645 4077 701 4141 per
723 4053 752 4119 la
775 4053 865 4142 quale
887 4054 928 4119 N.
949 4053 1084 4140 Signore
1109 4053 1139 4119 lo
1164 4054 1296 4120 exhorta
1319 4077 1337 4119 a
1358 4065 1466 4120 trattar
1490 4051 1550 4119 ben
1574 4051 1604 4118 la
1629 4054 1732 4135 reina,

353 4159 489 4229 dicendo
514 4160 545 4226 S.
570 4160 631 4225 M.:
658 4158 755 4240 Vide,
784 4159 846 4226 Sua
867 4159 1021 4226 Sanctitas
1051 4171 1157 4246 potest
1185 4162 1365 4248 praecipere
1394 4172 1425 4226 et
1448 4159 1603 4239 hortatur,
1630 4199 1675 4206 ——
1701 4171 1734 4224 et

353 4268 385 4332 in
409 4266 486 4333 fatto
515 4265 587 4354 quel
614 4264 709 4332 breve
737 4264 860 4332 addolcl
889 4264 992 4332 molto
1023 4264 1151 4331 l'animo
1180 4287 1250 4344 suo,
1280 4277 1311 4331 et
1339 4266 1371 4330 io
1395 4265 1428 4330 in
1457 4282 1570 4353 questo
1600 4277 1733 4352 sumpta

462 4503 470 4532 ¹
489 4495 524 4548 Es
547 4495 580 4548 ist
604 4494 676 4547 nicht
700 4511 767 4564 ganz
790 4492 852 4559 klar,
872 4493 979 4546 worauf
993 4493 1055 4546 sich
1077 4493 1150 4546 diese
1165 4493 1259 4546 Worte
1283 4493 1423 4559 beziehen,
1444 4493 1673 4547 wahrscheinlich
1694 4495 1734 4547 111-

355 4565 451 4619 dessen
469 4563 517 4618 aul
532 4564 574 4617 die
593 4565 696 4628 zweite,
715 4564 793 4617 kurze
811 4563 892 4617 Stelle
911 4564 938 4616 in
957 4562 1164 4617 Geheimschrift
1183 4565 1209 4616 in
1228 4563 1275 4616 der
1293 4563 1335 4617 De
1355 4563 1437 4617 esche
1456 4563 1646 4634 Campeggios
1668 4581 1735 4619 vom

358 4650 397 4689 12.
416 4635 470 4688 Mai
489 4637 521 4702 (s.
537 4635 606 4688 oben
619 4635 645 4688 S.
659 4634 714 4702 80),
734 4652 779 4687 wo
794 4650 848 4687 von
861 4633 1034 4705 Hoffnungen
1053 4633 1095 4686 die
1109 4633 1182 4687 Rede
1201 4635 1242 4700 ist,
1262 4582 1366 4688 welche
1385 4635 1428 4687 die
1441 4633 1598 4688 Gesandten
1617 4635 1646 4688 in
1660 4635 1736 4690 Rom

356 4705 417 4758 dem
440 4705 531 4774 Konig
555 4705 679 4758 machten
709 4703 762 4756 und
787 4705 828 4757 die
855 4704 927 4757 ohne
950 4703 1059 4757 Zweifel
1086 4705 1134 4758 mit
1158 4704 1219 4757 dem
1243 4703 1492 4758 Prozessverfahren
1523 4706 1550 4758 in
1574 4703 1716 4760 Beziehun

357 4775 459 4840 slehen,
479 4775 511 4828 da
524 4773 653 4828 Gardiner
672 4773 757 4827 sofort
776 4791 820 4826 zur
833 4772 1004 4844 Mitwirkung
1022 4792 1055 4828 an
1074 4773 1136 4826 dem
1155 4773 1282 4828 letzteren
1301 4773 1511 4846 aursrclrgerulen
1524 4774 1608 4830 ward.
1638 4775 1698 4831 Ver
1718 4723 1736 4831 l.

358 4845 430 4925 111111Ι
444 4843 489 4896 das
503 4844 647 4898 Schreiben
666 4861 730 4897 vom
748 4857 772 4909 4.
783 4843 854 4966 guni,
874 4844 943 4896 oben
962 4845 988 4897 S.
1002 4861 1043 4915 99.
1075 4833 1148 4898 Uber
1167 4845 1218 4898 den
1237 4845 1413 4914 angeblichen
1432 4845 1580 4915 Ratschlag
1598 4863 1648 4900 aus
1662 4847 1736 4901 Rom

358 4930 378 4968 s.
398 4913 496 4966 Histor.
516 4913 603 4984 Jahrb.
626 4915 700 4984 1892,
720 4913 745 4966 S.
765 4927 825 4977 44.
