3796 5538
356 311 419 372 220
1493 329 1599 400 Anglici
1620 327 1736 382 articuli.

355 495 386 550 et
416 495 523 551 tamen
555 486 617 553 iam
646 486 739 576 aliqui
771 511 808 556 ex
839 488 929 558 dictis
962 489 1087 578 regibus
1118 489 1294 559 senioribus
1319 503 1407 558 erant
1435 491 1552 557 mortui
1580 501 1735 577 tempore

355 591 507 658 contracti
532 593 735 662 matrimonii.

460 695 574 764 Tertio
598 720 705 786 posset
722 699 866 786 dubitari,
889 727 927 769 an
951 705 991 770 sit
1014 705 1188 792 surreptitia
1214 729 1250 770 ex
1275 703 1398 771 delectu
1423 703 1610 770 intentionis
1627 703 1735 789 Papae

355 827 391 868 ex
417 826 467 884 eo,
492 804 578 892 quod
602 805 715 875 dicitur
739 809 770 874 in
795 831 841 890 ea,
865 807 952 897 quod
976 810 1132 877 Henricus
1156 822 1286 878 octavus
1314 823 1345 877 et
1368 809 1538 877 Catherina
1562 807 1749 896 cupiebant·

355 909 628 979 matrimonialiter
657 914 824 1001 coniungi,
853 916 952 983 etsie
976 915 1058 1004 Papa
1086 915 1294 1004 intelligebat,
1322 915 1410 1005 quod
1438 926 1544 982 essent
1572 913 1735 1003 perlectae

354 1015 462 1082 aetatis
490 1015 529 1083 ad
552 1017 806 1087 contrahendum
830 1023 1087 1104 matrimonium,
1117 1035 1148 1090 et
1171 1021 1209 1089 ad
1239 1045 1350 1090 eorum
1381 1021 1645 1110 supplicationem
1670 1019 1735 1086 dis·

355 1135 474 1208 pensat.
522 1123 560 1190 Et
582 1135 689 1192 tamen
720 1151 756 1193 ex
781 1126 932 1196 mandato
963 1127 1045 1216 apud
1069 1141 1136 1196 acta
1161 1128 1318 1218 producto
1349 1151 1404 1217 per
1427 1129 1568 1216 reginam
1594 1137 1734 1206 constat,

355 1226 441 1314 quod
457 1228 614 1298 Henricus
638 1233 688 1298 vix
713 1244 777 1300 erat
801 1235 908 1300 aetatis
932 1233 1103 1302 duodecim
1127 1258 1285 1302 annorum
1310 1249 1341 1302 et
1364 1247 1439 1302 tunc
1464 1257 1531 1301 non
1551 1244 1668 1321 potens
1692 1230 1734 1298 ad

354 1333 607 1402 contrahendum
631 1339 881 1421 matrimonium,
906 1352 937 1407 et
960 1339 1046 1429 quod
1070 1343 1127 1429 ipsi
1151 1363 1218 1407 non
1243 1338 1510 1429 supplicaverunt,
1535 1336 1591 1405 sed
1615 1359 1731 1404 eorum

354 1452 509 1526 parentes.
555 1441 719 1510 Praeterea
743 1468 780 1511 ex
809 1445 856 1512 his
880 1459 1020 1528 constat,
1051 1445 1137 1536 quod
1168 1445 1362 1536 dispensatio
1393 1447 1479 1514 stetit
1509 1447 1540 1511 in
1572 1467 1732 1533 suspenso

355 1567 454 1633 usque
477 1545 515 1613 ad
531 1559 657 1635 tempus
681 1548 840 1636 legitimae
863 1553 971 1620 aetatis
987 1553 1127 1635 Henrici,
1154 1577 1194 1620 an
1211 1553 1338 1634 valeret,
1362 1564 1394 1620 et
1417 1575 1516 1640 usque
1540 1573 1605 1640 quo
1623 1551 1731 1617 matri-

356 1653 501 1719 monium
526 1651 583 1721 fuit
606 1667 815 1738 contractum,
839 1657 927 1747 quod
950 1657 1007 1727 fuit
1030 1657 1086 1726 XI.
1111 1661 1301 1745 iunii15o9,
1326 1679 1359 1726 ut
1384 1671 1506 1726 constat
1532 1680 1569 1724 ex
1593 1655 1732 1724 articulis

354 1780 411 1845 per
433 1759 575 1846 reginam
600 1759 689 1844 datis,
714 1775 875 1831 ettamen
898 1763 1035 1832 alienum
1060 1767 1159 1832 aiure
1182 1763 1315 1848 videtur,
1339 1763 1427 1854 quod
1450 1763 1644 1851 dispensatio
1669 1773 1732 1829 stet

356 1863 386 1930 in
412 1887 568 1953 suspenso
591 1880 623 1936 et
647 1891 712 1934 non
737 1881 846 1956 posset
869 1872 973 1939 statim
999 1875 1131 1960 operari.

461 1971 586 2053 Quarto
610 1987 719 2062 posset
742 1974 885 2059 dubitari,
908 2001 946 2044 an
967 1979 1006 2046 sit
1029 1979 1216 2066 surreptitia,
1240 1979 1311 2068 quia
1336 1980 1429 2045 etiam
1455 1975 1586 2064 probata
1603 1975 1732 2061 virgini·

355 2089 417 2144 tate
447 2077 571 2146 suberat
600 2081 864 2169 impedimentum
898 2083 1038 2172 publicae
1069 2085 1257 2166 honestatis,
1291 2083 1330 2152 de
1361 2105 1426 2172 quo
1458 2081 1542 2149 nulla
1574 2079 1652 2148 sacta
1684 2093 1731 2147 est

355 2185 478 2252 mentio
502 2209 563 2253 nec
586 2209 680 2276 super
704 2213 743 2257 eo
767 2189 982 2278 dispensatum
1007 2204 1063 2259 est.

460 2291 583 2360 Ultimo
607 2293 731 2362 videtur
753 2317 847 2384 posse
871 2295 947 2379 dici,
975 2297 1062 2386 quod
1091 2296 1236 2365 articulus
1266 2298 1387 2384 positus
1416 2293 1455 2362 ad
1478 2291 1730 2362 verificationem

355 2419 519 2465 causarum
544 2423 760 2488 expressarum
785 2403 817 2468 in
841 2402 1088 2490 dispensatione,
1112 2405 1163 2493 qui
1189 2402 1273 2486 dicit,
1297 2401 1383 2492 quod
1408 2415 1480 2470 ante
1504 2423 1625 2468 annum
1646 2419 1725 2484 1501

355 2516 443 2571 erant
467 2502 545 2572 bella
569 2517 599 2572 et
616 2505 789 2575 seditiones
813 2509 894 2576 inter
912 2509 1081 2598 Hispaniae
1106 2522 1137 2578 et
1153 2510 1298 2598 Angliae,
1323 2527 1355 2578 et
1373 2507 1551 2576 successive
1576 2509 1731 2573 intereos

356 2619 387 2675 et
410 2609 557 2678 Franciae
585 2635 691 2698 reges,
721 2637 787 2680 non
811 2613 993 2698 concludat,
1024 2636 1054 2684 et
1079 2630 1159 2698 esto,
1184 2617 1270 2706 quod
1297 2628 1394 2684 testes
1417 2613 1583 2681 articulum
1608 2634 1730 2691 verum,

355 2714 443 2804 quod
467 2739 549 2800 non,
572 2717 722 2806 probant,
750 2723 821 2810 quia
850 2720 923 2789 illud
950 2735 1061 2790 »ante«
1088 2735 1193 2811 potest
1218 2721 1348 2810 intelligi
1373 2721 1411 2788 de
1435 2721 1626 2808 longissimo
1650 2729 1729 2785 tem·

355 2844 433 2910 pore
457 2824 542 2910 prius
566 2838 597 2893 et
626 2824 665 2893 de
694 2827 839 2911 modico;
874 2849 904 2897 et
933 2831 959 2896 si
988 2828 1027 2898 de
1058 2829 1248 2917 longissimo
1277 2841 1423 2916 tempore
1452 2825 1595 2894 dicerent
1622 2836 1729 2903 testes,

356 2951 422 2995 non
447 2928 615 3013 sufficeret,
640 2957 711 3000 cum
737 2933 888 3002 deberent
912 2959 946 3002 se
969 2957 1087 3004 arctare
1111 2934 1149 3004 ad
1173 2947 1299 3024 ternpus
1323 2936 1550 3024 propinquum,
1579 2950 1609 2999 et
1633 2942 1729 2998 testes

355 3046 516 3126 tamquam
541 3039 650 3107 incerti
675 3053 706 3108 et
729 3039 813 3109 dubii
838 3042 1086 3130 intelligerentur
1110 3055 1220 3111 contra
1245 3040 1487 3130 producentem.

567 3199 641 3252 Arm.
661 3199 706 3254 xl.
727 3217 796 3271 caps.
814 3217 852 3267 ιι,
872 3219 896 3254 u.
915 3217 953 3270 31-
991 3201 1183 3272 Gleichzeitige
1203 3201 1299 3272 Kopie‚
1322 3215 1332 3270 3
1354 3199 1453 3254 Blzitter
1472 3201 1498 3252 iu
1518 3197 1602 3262 Folio,
1622 3195 1669 3250 aul
1683 3195 1728 3248 der

462 3285 603 3340 Ruchseite
622 3287 695 3340 eines
715 3289 815 3343 vierten
835 3289 923 3343 leeren
943 3289 1042 3343 Blattes
1061 3289 1108 3343 der
1126 3289 1370 3343 llanzleivemierh:
1390 3286 1501 3342 Articuli
1515 3286 1630 3357 Anglici.
1662 3284 1727 3338 Das-

461 3374 534 3428 selbe
552 3375 633 3429 Stitch
652 3377 677 3428 in
698 3376 771 3430 Arm.
792 3377 836 3430 Xl.
856 3377 902 3432 XI.
924 3379 955 3446 38
975 3377 1068 3445 (Henr.
1088 3394 1144 3450 reg.
1164 3378 1280 3448 dispens.
1300 3378 1436 3445 matrim),
1457 3375 1473 3429 l.
1493 3377 1599 3443 48-50
1617 3374 1665 3427 mit
1684 3373 1728 3426 der

461 3462 560 3534 obigen
580 3464 748 3518 erweiterten
768 3464 921 3519 Aussehrilt.
961 3466 1016 3519 Der
1035 3465 1119 3537 Frage
1138 3467 1203 3520 uber
1222 3466 1273 3520 den
1289 3465 1404 3535 Vollzug
1422 3463 1470 3517 der
1487 3464 1545 3518 Ehe
1564 3463 1613 3516 mit
1632 3461 1729 3515 Arthur

461 3550 553 3604 warde
579 3549 629 3605 fast
649 3569 702 3606 von
721 3553 828 3624 Antang
853 3571 885 3607 an
909 3554 991 3608 durch
1016 3553 1140 3608 Heinrich
1157 3555 1227 3608 Vlll.
1253 3554 1306 3607 und
1331 3554 1405 3607 scine
1424 3553 1561 3606 Vertreter
1585 3551 1645 3604 eine
1670 3550 1729 3604 sehr

461 3639 645 3692 dbertriebene
659 3639 815 3711 Bedeutung
834 3641 968 3713 beigelegt
987 3643 1039 3696 und
1059 3643 1106 3696 mit
1126 3641 1212 3696 dieser
1226 3641 1311 3712 Frage
1330 3641 1372 3695 die
1385 3641 1483 3694 andere
1502 3640 1571 3693 nach
1590 3638 1637 3692 der
1650 3637 1728 3692 Echt-

461 3727 515 3780 heit
539 3726 585 3780 des
610 3727 816 3796 vlelgenannten
837 3729 933 3783 Breees
954 3747 1016 3784 vom
1042 3729 1082 3784 26.
1102 3731 1254 3784 December
1274 3745 1338 3799 1503
1360 3731 1386 3782 in
1405 3730 1475 3782 nahe
1488 3727 1664 3798 Verbindung
1682 3743 1727 3796 ge-

460 3815 560 3868 bracht.
590 3815 681 3886 Vergl.
701 3815 743 3868 die
762 3816 920 3889 Einleitung.
955 3819 983 3872 ln
997 3819 1119 3890 England
1132 3837 1189 3872 war
1207 3819 1304 3872 bereits
1324 3835 1376 3872 von
1391 3817 1443 3871 den
1462 3816 1557 3870 beiden
1570 3814 1729 3869 Kardinilen

461 3903 487 3954 in
513 3902 559 3956 der
583 3903 669 3956 Sache
693 3903 901 3976 Untersuchung
925 3905 1070 3978 gepflogen
1100 3907 1152 3960 und
1177 3925 1220 3960 am
1247 3925 1285 3978 19.
1313 3907 1360 3960 luli
1385 3921 1452 3978 1529
1476 3907 1520 3959 ein
1547 3903 1729 3976 eingehendes

462 3990 666 4060 Zeugenverhdr
691 3993 833 4062 angestellt
852 3995 971 4048 worden.
1009 3995 1120 4048 Herbert
1145 3995 1160 4048 Ι.
1181 4013 1202 4049 c.
1226 4011 1272 4064 1¹3
1294 4013 1333 4066 sq.
1371 3995 1449 4048 Dana
1470 3991 1666 4048 verschnindet
1688 3991 1729 4044 die

462 4077 545 4148 Frage
565 4077 606 4133 tur
625 4080 713 4150 einige
733 4082 787 4135 Zeit
806 4099 852 4134 aus
871 4081 917 4134 der
935 4082 1105 4148 Diskussion,
1132 4085 1170 4138 bis
1191 4084 1315 4138 Heinrich
1330 4084 1401 4139 Vlll.
1421 4101 1464 4136 am
1486 4098 1525 4136 ιο.
1545 4081 1596 4152 Juli
1617 4097 1680 4150 153¹
1704 4081 1729 4134 in

461 4167 548 4220 einem
568 4167 712 4221 Schreiben
732 4187 765 4222 an
786 4169 886 4224 beonet
905 4171 931 4224 in
951 4171 1020 4224 Rom
1040 4170 1156 4226 dieselbe
1176 4171 1276 4226 wieder
1296 4173 1322 4224 in
1342 4173 1415 4225 einer
1431 4171 1522 4224 Weise
1541 4178 1666 4239 anregte,
1688 4169 1729 4222 die

462 4255 525 4308 eher
550 4255 614 4309 alles
640 4256 737 4310 andere
766 4257 803 4310 als
829 4257 913 4310 Piera
940 4274 1029 4328 gegen
1058 4261 1149 4313 seinen
1176 4259 1368 4314 verstorbenen
1399 4259 1497 4312 Bruder
1524 4263 1619 4312 verrat.
1657 4257 1730 4310 State

460 4343 558 4415 Papers
574 4343 632 4398 Vll.
651 4345 733 4416 30819.
771 4345 821 4400 Die
841 4345 994 4400 Gesandten
1015 4347 1040 4400 in
1056 4347 1125 4400 Rom
1145 4347 1272 4400 scheinen
1291 4347 1417 4402 indessen
1435 4347 1536 4401 diesem
1552 4345 1655 4399 Punlrte
1674 4363 1729 4398 we

461 4435 537 4503 niger
555 4433 681 4486 Gewicht
706 4433 841 4505 beigelegt
860 4452 890 4487 zu
910 4434 1009 4500 haben,
1034 4434 1086 4488 und
1105 4435 1187 4489 daher
1210 4435 1313 4490 kommt
1333 4437 1447 4502 Bonam,
1472 4436 1519 4490 der
1536 4434 1667 4488 wahrend
1685 4433 1731 4487 der

461 4521 574 4574 zweiten
587 4521 821 4576 Zusammenlrunft
835 4523 861 4576 in
875 4521 995 4593 Bologna
1010 4524 1079 4578 nach
1094 4523 1215 4594 England
1227 4525 1425 4595 zuruclrgereist
1437 4542 1501 4590 war,
1520 4541 1564 4578 am
1580 4539 1619 4593 3¹-
1633 4523 1731 4594 Januar

463 4625 527 4679 ¹533
549 4611 574 4662 in
594 4611 682 4664 ciuem
701 4611 808 4682 grossen
828 4609 972 4665 Schreiben
991 4629 1024 4664 an
1044 4611 1146 4665 Bennet
1165 4611 1195 4682 (1.
1215 4630 1237 4666 c.
1253 4612 1311 4666 Vll.
1332 4611 1486 4681 ato-416)
1504 4611 1668 4666 ausfflhrlich
1687 4610 1735 4665 auf

461 4697 503 4751 die
526 4699 611 4753 Sache
635 4700 743 4764 aurach,
768 4716 811 4752 um
831 4699 883 4752 den
906 4700 1058 4754 romischen
1078 4699 1232 4754 Gesandten
1257 4703 1294 4754 im
1313 4700 1419 4755 Namen
1443 4701 1582 4754 Heinrichs
1596 4699 1669 4753 Vlll.
1689 4699 1731 4752 die

461 4785 713 4840 ausserordentliche
733 4787 757 4840 T
758 4787 886 4858 ragweite
905 4787 1085 4860 klarzulegen,
1109 4789 1152 4843 die
1171 4807 1232 4842 man
1252 4791 1278 4842 in
1298 4789 1420 4861 England
1445 4789 1492 4842 der
1510 4787 1731 4860 Angelegenhcit

462 4873 579 4939 belmass,
599 4873 741 4944 allerdings
755 4873 911 4928 wesentlich
930 4875 1048 4943 deshalb‚
1068 4877 1129 4932 weil
1149 4894 1210 4931 man
1230 4876 1347 4932 dieselbe
1366 4875 1405 4931 als
1422 4875 1508 4930 Hebel
1527 4875 1568 4929 liar
1586 4876 1629 4930 die
1643 4877 1731 4931 unck-

462 4963 631 5032 verweisung
654 4961 700 5015 des
724 4962 866 5016 Prozesses
892 4965 960 5018 nach
984 4965 1107 5036 England
1131 4983 1162 5019 zu
1186 4975 1336 5020 verwerten
1362 4965 1463 5020 sucbte.
1501 4964 1536 5018 Es
1561 4981 1625 5035 mag
1649 4964 1732 5018 daher
