3782 5532
1585 265 1647 340 Juni
1669 281 1739 340 1529.

475 424 598 497 England
616 426 724 492 zurich,
749 426 788 479 bis
808 442 837 479 er
859 427 896 479 im
915 425 1073 498 September
1094 441 1161 497 1529
1186 443 1219 480 an
1238 425 1394 482 Eustachius
1413 425 1531 498 Chapuis
1555 427 1633 481 einen
1651 425 1740 480 Nach-

475 515 562 587 solger
580 515 683 570 erhielt.
714 515 805 586 Vergl.
825 516 882 568 sein
901 515 1044 569 Schreiben
1065 532 1111 568 aus
1132 515 1238 568 Brhssel
1256 532 1320 569 vom
1342 531 1381 587 17.
1394 516 1455 587 Juni
1473 516 1516 570 bei
1534 515 1614 582 Lana,
1633 533 1656 572 ε.
1670 533 1693 570 ε.
1706 515 1741 570 O.

474 605 493 659 I.
516 605 565 674 308
584 603 601 658 I.
639 604 755 671 Brewer,
773 602 820 658 IV.
839 621 865 658 n.
888 619 962 675 5379,
984 604 1059 674 5803,
1079 603 1132 658 und
1151 603 1335 675 CampeggIos
1354 605 1499 659 Schreiben
1518 622 1582 658 vom
1604 607 1651 675 ata.
1667 605 1741 676 April

474 692 544 746 oben
564 693 589 747 S.
611 707 652 762 74.

1020 817 1086 900 46.

523 974 762 1062 Campeggio
785 996 826 1040 an
848 973 921 1058 Iac.
948 971 1116 1042 Salviati.
1162 974 1312 1057 London,
1336 997 1366 1062 4.
1389 975 1463 1060 Juni
1492 995 1584 1061 1529.

471 1135 607 1189 Nocbmals
619 1135 661 1187 die
675 1133 791 1186 Citation
809 1133 855 1186 der
869 1133 1009 1204 anglischen
1025 1132 1169 1188 Gesandten
1188 1135 1215 1186 in
1230 1134 1303 1200 Rom,
1322 1134 1490 1206 Aufildrrmg
1502 1135 1549 1187 der
1564 1134 1642 1189 Sache
1660 1136 1741 1189 durch

368 1223 533 1296 Campeggio.
568 1221 660 1292 Grosse
673 1221 809 1293 Besorgnis
827 1224 854 1274 in
870 1221 992 1292 England
1010 1239 1060 1276 vor
1076 1223 1123 1276 der
1135 1222 1301 1294 Abberujung
1319 1224 1362 1276 des
1381 1223 1656 1296 Scheidungsproaesses
1675 1223 1740 1277 nach

365 1312 438 1378 Rom,
457 1311 617 1382 Envartuag
634 1311 680 1364 der
699 1309 828 1364 thckkehr
845 1308 994 1363 Gurdiners.
1032 1310 1131 1379 Baginn
1150 1311 1192 1363 des
1208 1309 1358 1380 Versahrens
1376 1328 1406 1380 (u
1426 1310 1532 1364 London
1551 1329 1593 1364 am
1608 1328 1649 1380 31·
1670 1311 1739 1377 Mar,

364 1399 525 1470 Fastsetaung
542 1400 585 1452 des
597 1406 676 1452 ersten
694 1397 824 1450 Termines
842 1398 893 1465 aus
906 1399 955 1450 den
970 1396 1009 1450 18.
1022 1397 1091 1466 Juni.
1124 1397 1240 1469 Stellung
1258 1398 1366 1468 Wolseys
1384 1415 1414 1468 (u
1426 1399 1475 1451 den
1488 1399 1738 1454 Friedensverhand-

363 1489 458 1558 langen
480 1487 526 1540 der
549 1487 637 1540 beiden
656 1486 758 1539 Damen
781 1488 809 1538 in
830 1485 961 1540 Cambrai.
1001 1486 1169 1540 Nachrichten
1193 1487 1253 1540 ather
1273 1487 1319 1540 das
1337 1485 1457 1557 Baefinden
1480 1487 1523 1540 des
1541 1487 1648 1558 Paprtes.
1684 1487 1737 1541 Un-

361 1575 603 1647 garisch-trtrkische
625 1574 750 1629 Umtriebe
769 1575 822 1628 und
842 1574 995 1645 Rttstungen.
1033 1575 1089 1629 Das
1108 1575 1196 1629 Kh'ma
1216 1577 1244 1628 in
1263 1575 1392 1646 England.

470 1717 641 1807 Magnifice
665 1729 696 1785 et
718 1716 760 1784 ill.
785 1717 868 1784 Dne.
913 1715 1071 1784 Havendo
1100 1717 1217 1804 scripto
1245 1718 1382 1805 appieno
1410 1740 1465 1804 per
1492 1741 1537 1785 m.
1559 1719 1736 1788 Francesco

363 1825 542 1913 Campana,
566 1835 685 1913 quanto
710 1825 754 1890 mi
778 1845 964 1905 occorreva,
996 1835 1028 1890 et
1050 1821 1198 1890 venendo
1222 1821 1264 1890 tui
1287 1822 1459 1891 informato
1483 1823 1514 1891 di
1536 1836 1635 1908 tutto,
1667 1849 1734 1892 non

362 1933 407 1998 mi
430 1930 583 1999 accadeva
606 1930 683 1998 hora
714 1929 817 1996 molto
841 1928 879 1996 da
906 1931 1056 2010 scrivere,
1087 1953 1120 1996 se
1150 1951 1216 1996 non
1241 1928 1305 1997 fare
1328 1949 1412 1997 certa
1436 1931 1554 1998 Vostra
1576 1931 1734 2018 Signoria‚

362 2038 420 2104 che
444 2036 531 2125 dopo
555 2037 575 2104 il
597 2038 711 2124 partire
735 2035 767 2103 di
790 2059 833 2102 m.
850 2035 1036 2118 Francesco,
1060 2037 1131 2102 cioe
1154 2034 1203 2101 alii
1221 2035 1334 2102 XXVI
1356 2034 1408 2102 del
1430 2055 1566 2123 passato,
1591 2035 1682 2104 hebbi
1706 2037 1733 2103 la

361 2167 416 2211 sua
440 2142 492 2211 del
518 2145 623 2232 primo
654 2140 685 2209 di
714 2143 843 2230 maggio
873 2165 936 2208 con
963 2139 992 2208 le
1016 2140 1076 2208 due
1100 2140 1176 2208 altre
1199 2164 1256 2208 sue
1283 2140 1314 2208 di
1339 2141 1383 2208 VI
1412 2155 1443 2210 et
1467 2143 1552 2225 VIII,
1580 2140 1608 2210 Ie
1636 2143 1733 2232 quali¹

360 2262 441 2318 tutte
464 2272 607 2318 venneto
631 2259 718 2316 sotto
743 2259 872 2337 coperta
895 2246 946 2316 del
969 2248 1064 2316 Rnro.
1089 2270 1148 2314 suo
1171 2246 1325 2334 figliuolo.

465 2357 504 2423 Et
526 2367 645 2446 quanto
669 2354 718 2422 alli
741 2356 873 2442 protesti
897 2375 928 2420 et
952 2355 1093 2422 citationi
1115 2353 1190 2421 fatte
1211 2375 1269 2442 per
1291 2353 1312 2420 li
1334 2353 1462 2421 Cesarei
1486 2352 1534 2421 alli
1558 2357 1679 2422 oratori
1701 2354 1732 2423 di

359 2474 468 2551 questa
488 2462 619 2545 Maesti,
643 2484 738 2530 come
761 2461 782 2527 li
799 2460 884 2542 dissi,
908 2459 1033 2527 fuvero
1058 2459 1116 2527 che
1139 2458 1160 2525 li
1183 2461 1302 2527 oratori
1326 2463 1405 2526 costi
1428 2459 1460 2527 di
1476 2473 1590 2549 questo
1606 2461 1731 2528 Sermo.

359 2591 453 2657 sopra
469 2571 520 2636 cio
537 2568 733 2657 expedirono
750 2589 823 2634 curn
846 2589 924 2654 gran
947 2565 1024 2633 furia
1040 2567 1124 2655 qui²,
1149 2578 1181 2632 et
1204 2564 1300 2633 credo
1324 2567 1474 2634 arrivasse
1490 2567 1563 2656 quel
1579 2567 1731 2635 cavallaro

358 2676 392 2740 in
414 2675 445 2742 X
468 2677 588 2763 giomi,
613 2686 644 2742 et
667 2676 695 2741 ci
717 2672 750 2740 fu
774 2671 877 2739 molto
902 2671 960 2740 che
983 2671 1049 2739 dire
1074 2694 1167 2760 sopra
1189 2671 1291 2761 quella
1315 2673 1479 2755 citatione,
1508 2696 1603 2740 come
1626 2674 1730 2763 quelli,

359 2781 417 2848 che
440 2804 508 2848 non
531 2803 633 2847 sanno
660 2780 682 2846 il
705 2779 777 2847 stilo
805 2791 836 2846 et
866 2778 967 2846 modo
991 2777 1030 2845 de
1060 2777 1088 2844 la
1111 2797 1210 2845 corte.
1256 2779 1300 2845 Fu
1323 2778 1411 2861 lor0,
1442 2802 1536 2847 come
1558 2781 1592 2846 io
1615 2781 1730 2864 scrissi,

358 2886 436 2954 fatto
460 2886 625 2955 intendere
641 2887 663 2952 il
683 2898 779 2968 tutto,
803 2897 835 2952 et
850 2897 1022 2953 restorono
1045 2884 1107 2952 ben
1123 2882 1274 2966 satisfatti,
1298 2888 1323 2950 si
1341 2883 1381 2952 de
1403 2884 1611 2968 imitatione,
1635 2909 1730 2954 come

359 2991 410 3060 del
430 3015 498 3060 non
521 2995 636 3060 havere
653 3013 805 3060 concesse
820 2990 849 3057 le
872 2991 943 3058 loro
960 2988 1108 3059 dimande
1125 2991 1205 3057 circa
1227 2989 1248 3056 il
1272 2989 1381 3074 breve3
1406 3003 1436 3058 et
1452 2992 1654 3060 nondimeno
1673 2994 1730 3061 alla

357 3100 496 3185 riceputa
520 3097 600 3166 delle
623 3096 804 3186 sopradette
828 3097 859 3163 di
877 3097 993 3164 Vostra
1016 3096 1162 3184 Signoria
1185 3097 1416 3164 ritrovandomi
1440 3099 1471 3163 in
1497 3099 1728 3167 Ricciamondo

358 3202 410 3270 col
432 3203 587 3272 cardinale
614 3202 675 3272 feci
698 3203 729 3272 di
752 3225 862 3272 nuovo
891 3200 1021 3270 l’officio
1050 3224 1113 3270 con
1136 3202 1198 3269 Sua
1220 3202 1368 3290 Signoria
1391 3204 1481 3271 Rma.
1507 3215 1538 3270 et
1560 3225 1616 3291 per
1639 3227 1729 3293 parer

357 3331 417 3376 suo
440 3309 511 3393 feci,
535 3309 607 3377 ch'il
623 3311 691 3377 mio
715 3310 883 3377 secretario
906 3308 991 3376 ando
1014 3308 1229 3376 aVindesore
1252 3331 1270 3375 a
1293 3307 1356 3376 fare
1379 3307 1400 3375 il
1419 3309 1597 3376 medesimo
1614 3333 1678 3377 con
1701 3311 1729 3377 la

356 3416 478 3484 Maesti
501 3417 586 3504 regia
611 3428 642 3484 et
665 3439 683 3482 a
705 3415 945 3483 communicarli
970 3415 1064 3482 etiam
1088 3414 1116 3482 le
1140 3437 1257 3495 nuove,
1289 3413 1348 3481 che
1372 3414 1490 3482 νοεῖτε
1513 3415 1660 3503 Signoria
1683 3417 1727 3482 mi

356 3523 472 3604 scrive,
505 3534 536 3590 et
560 3521 661 3612 quelle
683 3545 814 3604 ancora,
847 3521 905 3589 che
929 3523 973 3588 mi
996 3523 1097 3589 scrive
1120 3522 1142 3588 il
1164 3521 1259 3590 Rnro.
1283 3543 1342 3588 suo
1366 3519 1527 3608 figliuolo,
1557 3521 1616 3588 che
1644 3534 1727 3590 tutto

356 3630 479 3696 mostrh
503 3629 524 3696 li
546 3627 631 3696 fusse
654 3629 845 3716 gratissimo,
869 3627 941 3695 dico
965 3628 993 3694 al
1017 3649 1081 3695 uno
1106 3645 1137 3695 et
1160 3627 1188 3694 al
1210 3627 1300 3696 altro.
1339 3627 1468 3694 Benche
1491 3627 1512 3694 il
1535 3630 1602 3695 mio
1625 3651 1726 3696 secte

355 3737 435 3802 tarIo
467 3736 513 3802 mi
535 3733 686 3816 riferisca‚
711 3733 783 3801 ch'il
805 3757 839 3800 re
867 3757 934 3800 non
957 3735 983 3800 si
1011 3735 1154 3823 acquieta
1176 3733 1278 3801 molto
1302 3756 1396 3821 sopra
1423 3733 1451 3800 la
1475 3735 1625 3802 citatione
1653 3734 1726 3802 satta

356 3843 436 3908 costi
459 3840 508 3907 alli
531 3841 602 3907 suoi
619 3843 747 3921 oratori,
771 3838 907 3906 dicendo
925 3862 1029 3907 essere
1045 3839 1227 3918 informato,
1251 3839 1310 3908 che
1326 3861 1394 3906 non
1417 3841 1443 3905 si
1459 3839 1611 3928 sogliono
1631 3842 1726 3909 citare

354 3945 376 4012 Ii
400 3947 520 4013 oratori
535 3944 611 4012 deli
633 3947 781 4033 principi;
804 3945 896 4012 ache
919 3945 940 4011 li
962 3944 994 4012 Iu
1010 3946 1160 4034 risposto,
1184 3946 1288 4014 ch'era
1304 3946 1385 4013 male
1408 3945 1592 4029 informat0,
1617 3965 1648 4014 et
1668 3947 1725 4014 che

354 4052 384 4119 la
406 4051 526 4119 Santita
549 4050 579 4118 di
603 4052 644 4120 N.
670 4051 805 4138 Signore
833 4075 900 4118 non
924 4052 956 4118 lo
984 4071 1101 4140 poteva
1123 4051 1298 4140 prohibite,
1330 4065 1362 4121 et
1384 4053 1405 4120 Ii
1429 4055 1550 4120 cursori
1573 4051 1724 4122 facevano

354 4171 468 4248 questo
485 4155 593 4225 officio
609 4179 703 4224 senza
725 4156 853 4224 licenzia
872 4169 903 4225 et
918 4169 1026 4246 saputa
1050 4157 1081 4225 di
1097 4158 1158 4225 Sua
1175 4158 1382 4242 Beatitudine,
1406 4182 1461 4247 per
1478 4182 1582 4228 essere
1599 4158 1724 4227 officiali

355 4286 565 4294 ...ιη-μ*

459 4341 469 4372 ¹
487 4334 587 4388 Keines
606 4349 660 4386 von
679 4332 769 4386 diesen
782 4333 926 4388 Schreiben
944 4332 1065 4388 Salviatis
1084 4335 1118 4388 ist
1131 4333 1257 4400 erhalten,
1276 4335 1339 4388 aber
1357 4335 1399 4388 ihr
1410 4334 1497 4389 Inhalt
1515 4336 1584 4391 wird
1602 4337 1660 4390 sich
1678 4353 1723 4390 aus

353 4406 404 4460 den
423 4404 627 4476 gleichzeitigen
646 4403 790 4457 Schreiben
809 4422 842 4458 an
861 4403 939 4458 Kard.
959 4404 1065 4458 Saltiati
1084 4405 1111 4458 in
1130 4405 1202 4458 Paris
1221 4405 1263 4458 bei
1282 4403 1360 4460 Rusc.
1379 4405 1447 4460 Lett.
1467 4406 1493 4458 di
1511 4407 1597 4461 Princ.
1616 4407 1663 4462 111.
1683 4423 1723 4476 70,

353 4489 454 4600 72¹,mp4
476 4475 529 4599 ulnd
551 4491 598 4528 aus
622 4474 683 4527 dem
707 4475 829 4527 Berichte
852 4474 919 4528 Mais
944 4492 977 4528 an
1000 4474 1063 4528 ΚετΙ
1081 4474 1114 4530 ν.
1134 4493 1198 4528 vom
1223 4492 1247 4546 9.
1271 4475 1324 4528 Mai
1350 4477 1473 4545 (brewer
1496 4476 1541 4530 IV.
1563 4479 1644 4549 5529)
1667 4487 1723 4531 ent-

352 4562 387 4600 ne
436 4562 470 4600 en
498 4561 585 4600 assen.

460 4616 569 4670 ’Diese
588 4615 630 4669 De
651 4615 731 4668 esche
750 4615 796 4668 der
815 4615 885 4686 engl.
900 4615 1054 4669 Gesandten
1073 4617 1106 4669 ist
1124 4615 1262 4688 jedenfalls
1279 4619 1353 4688 jenes
1372 4619 1557 4688 gemeiusame
1569 4619 1723 4685 Scineiben,

352 4705 405 4740 von
425 4687 558 4741 welchem
572 4633 701 4740 Gardiner
719 4686 745 4739 in
765 4687 867 4739 seinem
886 4685 1079 4756 Separatbriese
1098 4703 1161 4741 vom
1180 4701 1205 4753 4.
1218 4686 1272 4741 Mai
1290 4705 1324 4740 an
1342 4687 1374 4742 H.
1388 4687 1460 4744 VIII.
1480 4688 1589 4760 spricht.
1626 4689 1724 4743 Burnet

352 4757 397 4812 III.
417 4756 486 4812 CoIl.
510 4757 529 4813 I.
554 4775 579 4811 n.
601 4771 640 4822 14
678 4755 733 4809 Das
757 4755 901 4809 Schreiben
927 4756 1030 4811 scheint
1048 4756 1183 4824 verloren,
1209 4759 1242 4811 ist
1265 4758 1328 4812 aber
1351 4758 1489 4830 jedensalls
1512 4760 1582 4814 nach
1600 4758 1724 4832 England

371 4828 475 4898 elangt3
494 4828 565 4881 denn
584 4827 680 4880 bereits
699 4827 725 4879 In
744 4825 796 4879 den
814 4843 902 4880 neuen
920 4827 1115 4880 InstruItIonen
1135 4845 1199 4881 vom
1218 4843 1259 4882 21.
1278 4828 1332 4882 Mai
1350 4831 1451 4900 spricht
1471 4829 1585 4902 Wolsey
1603 4847 1658 4884 von
1677 4831 1724 4885 der

351 4845 476 4952 Vitation.
514 4898 620 4964 Burnet‚
639 4896 659 4951 I.
679 4895 748 4951 Coll.
768 4895 800 4951 II.
821 4915 845 4952 n.
866 4913 907 4965 25.
