<?xml version="1.0" encoding="UTF-8"?>
<!DOCTYPE html PUBLIC "-//W3C//DTD XHTML 1.0 Transitional//EN"
    "http://www.w3.org/TR/xhtml1/DTD/xhtml1-transitional.dtd">
<html xmlns="http://www.w3.org/1999/xhtml" xml:lang="en" lang="en">
 <head>
  <title>
</title>
<meta http-equiv="Content-Type" content="text/html;charset=utf-8" />
  <meta name='ocr-system' content='tesseract 3.04.00' />
  <meta name='ocr-capabilities' content='ocr_page ocr_carea ocr_par ocr_line ocrx_word'/>
</head>
<body>
  <div class='ocr_page' id='page_1' title='image "./rmischedokument00ehsegoog_0087.png"; bbox 0 0 3810 5528; ppageno 0'>
   <div class='ocr_carea' id='block_1_1' title="bbox 344 307 1713 387">
    <p class='ocr_par' dir='ltr' id='par_1_1' title="bbox 344 307 1713 387">
     <span class='ocr_line' id='line_1_1' title="bbox 344 307 1713 387; baseline -0.015 0"><span class='ocrx_word' id='word_1_1' title='bbox 344 307 385 387; x_wconf 74' lang='lat'>34</span> <span class='ocrx_word' id='word_1_2' title='bbox 1211 311 1216 318; x_wconf 78' lang='lat'>&#39;</span> <span class='ocrx_word' id='word_1_3' title='bbox 1542 310 1618 385; x_wconf 83' lang='lat' dir='ltr'>April</span> <span class='ocrx_word' id='word_1_4' title='bbox 1640 313 1713 382; x_wconf 77' lang='lat'><em>1528.</em></span> 
     </span>
    </p>
   </div>
   <div class='ocr_carea' id='block_1_2' title="bbox 342 473 1725 4994">
    <p class='ocr_par' dir='ltr' id='par_1_2' title="bbox 342 473 1725 4994">
     <span class='ocr_line' id='line_1_2' title="bbox 343 473 1715 564; baseline -0.004 -20"><span class='ocrx_word' id='word_1_5' title='bbox 343 476 396 545; x_wconf 92' lang='lat' dir='ltr'>diu</span> <span class='ocrx_word' id='word_1_6' title='bbox 412 478 542 544; x_wconf 88' lang='lat' dir='ltr'>iactatae</span> <span class='ocrx_word' id='word_1_7' title='bbox 552 477 726 558; x_wconf 76' lang='lat' dir='ltr'>materiam,</span> <span class='ocrx_word' id='word_1_8' title='bbox 742 475 904 564; x_wconf 89' lang='lat' dir='ltr'>utriusque</span> <span class='ocrx_word' id='word_1_9' title='bbox 915 474 1008 544; x_wconf 92' lang='lat' dir='ltr'>titulo</span> <span class='ocrx_word' id='word_1_10' title='bbox 1021 475 1053 542; x_wconf 90' lang='lat' dir='ltr'>in</span> <span class='ocrx_word' id='word_1_11' title='bbox 1068 497 1204 564; x_wconf 89' lang='lat' dir='ltr'>persona</span> <span class='ocrx_word' id='word_1_12' title='bbox 1215 487 1268 543; x_wconf 88' lang='lat' dir='ltr'>tua</span> <span class='ocrx_word' id='word_1_13' title='bbox 1281 473 1482 542; x_wconf 91' lang='lat' dir='ltr'>consolidato</span> <span class='ocrx_word' id='word_1_14' title='bbox 1494 475 1715 560; x_wconf 80' lang='lat' dir='ltr'>extinguens‚²</span> 
     </span>
     <span class='ocr_line' id='line_1_3' title="bbox 342 577 1715 671; baseline -0.004 -22"><span class='ocrx_word' id='word_1_15' title='bbox 342 581 485 651; x_wconf 89' lang='lat' dir='ltr'>stabilem</span> <span class='ocrx_word' id='word_1_16' title='bbox 509 605 611 670; x_wconf 92' lang='lat' dir='ltr'>regno</span> <span class='ocrx_word' id='word_1_17' title='bbox 636 581 858 664; x_wconf 83' lang='lat' dir='ltr'>concordiam,</span> <span class='ocrx_word' id='word_1_18' title='bbox 886 580 1011 649; x_wconf 88' lang='lat' dir='ltr'>firmam</span> <span class='ocrx_word' id='word_1_19' title='bbox 1040 595 1134 671; x_wconf 91' lang='lat' dir='ltr'>atque</span> <span class='ocrx_word' id='word_1_20' title='bbox 1156 592 1318 649; x_wconf 76' lang='lat' dir='ltr'>aeternam</span> <span class='ocrx_word' id='word_1_21' title='bbox 1346 581 1552 669; x_wconf 92' lang='lat' dir='ltr'>promittens,</span> <span class='ocrx_word' id='word_1_22' title='bbox 1582 581 1607 644; x_wconf 91' lang='lat' dir='ltr'>si</span> <span class='ocrx_word' id='word_1_23' title='bbox 1638 577 1715 646; x_wconf 91' lang='lat' dir='ltr'>nihil</span> 
     </span>
     <span class='ocr_line' id='line_1_4' title="bbox 342 683 1714 777; baseline -0.004 -21"><span class='ocrx_word' id='word_1_24' title='bbox 342 687 424 756; x_wconf 91' lang='lat' dir='ltr'>aliud</span> <span class='ocrx_word' id='word_1_25' title='bbox 449 687 536 777; x_wconf 93' lang='lat' dir='ltr'>quod</span> <span class='ocrx_word' id='word_1_26' title='bbox 559 689 802 756; x_wconf 91' lang='lat' dir='ltr'>abhominamur</span> <span class='ocrx_word' id='word_1_27' title='bbox 825 689 992 775; x_wconf 91' lang='lat' dir='ltr'>ingeniosa</span> <span class='ocrx_word' id='word_1_28' title='bbox 1015 686 1164 755; x_wconf 84' lang='lat' dir='ltr'>calliditas</span> <span class='ocrx_word' id='word_1_29' title='bbox 1188 685 1344 754; x_wconf 87' lang='lat' dir='ltr'>effinxerit</span> <span class='ocrx_word' id='word_1_30' title='bbox 1366 684 1599 768; x_wconf 88' lang='lat' dir='ltr'>obiiciendum,</span> <span class='ocrx_word' id='word_1_31' title='bbox 1628 683 1714 774; x_wconf 92' lang='lat' dir='ltr'>quod</span> 
     </span>
     <span class='ocr_line' id='line_1_5' title="bbox 343 793 1716 882; baseline -0.004 -20"><span class='ocrx_word' id='word_1_32' title='bbox 343 807 461 862; x_wconf 90' lang='lat' dir='ltr'>certam</span> <span class='ocrx_word' id='word_1_33' title='bbox 486 807 517 863; x_wconf 91' lang='lat' dir='ltr'>et</span> <span class='ocrx_word' id='word_1_34' title='bbox 540 796 762 864; x_wconf 84' lang='lat' dir='ltr'>inconcussam</span> <span class='ocrx_word' id='word_1_35' title='bbox 779 795 1015 862; x_wconf 84' lang='lat' dir='ltr'>successionem</span> <span class='ocrx_word' id='word_1_36' title='bbox 1035 795 1202 882; x_wconf 86' lang='lat' dir='ltr'>impeteret</span> <span class='ocrx_word' id='word_1_37' title='bbox 1218 814 1249 862; x_wconf 90' lang='lat' dir='ltr'>et</span> <span class='ocrx_word' id='word_1_38' title='bbox 1273 816 1398 860; x_wconf 90' lang='lat' dir='ltr'>causam</span> <span class='ocrx_word' id='word_1_39' title='bbox 1415 793 1550 882; x_wconf 88' lang='lat' dir='ltr'>aliquam</span> <span class='ocrx_word' id='word_1_40' title='bbox 1569 793 1716 878; x_wconf 76' lang='lat' dir='ltr'>gigneret</span> 
     </span>
     <span class='ocr_line' id='line_1_6' title="bbox 343 896 1717 988; baseline -0.003 -22"><span class='ocrx_word' id='word_1_41' title='bbox 343 899 569 988; x_wconf 81' lang='lat' dir='ltr'>ambiguitatis:</span> <span class='ocrx_word' id='word_1_42' title='bbox 602 923 671 968; x_wconf 90' lang='lat' dir='ltr'>non</span> <span class='ocrx_word' id='word_1_43' title='bbox 701 901 771 968; x_wconf 91' lang='lat' dir='ltr'>sine</span> <span class='ocrx_word' id='word_1_44' title='bbox 800 901 993 988; x_wconf 86' lang='lat' dir='ltr'>gravissimis</span> <span class='ocrx_word' id='word_1_45' title='bbox 1023 923 1098 968; x_wconf 90' lang='lat' dir='ltr'>sane</span> <span class='ocrx_word' id='word_1_46' title='bbox 1128 900 1301 967; x_wconf 90' lang='lat' dir='ltr'>rationibus</span> <span class='ocrx_word' id='word_1_47' title='bbox 1337 897 1463 966; x_wconf 88' lang='lat' dir='ltr'>adducti</span> <span class='ocrx_word' id='word_1_48' title='bbox 1493 896 1650 978; x_wconf 90' lang='lat' dir='ltr'>videmur,</span> <span class='ocrx_word' id='word_1_49' title='bbox 1682 911 1717 963; x_wconf 92' lang='lat' dir='ltr'>ut</span> 
     </span>
     <span class='ocr_line' id='line_1_7' title="bbox 342 1003 1718 1094; baseline -0.004 -20"><span class='ocrx_word' id='word_1_50' title='bbox 342 1006 430 1094; x_wconf 92' lang='lat' dir='ltr'>quod</span> <span class='ocrx_word' id='word_1_51' title='bbox 461 1008 569 1074; x_wconf 91' lang='lat' dir='ltr'>intua</span> <span class='ocrx_word' id='word_1_52' title='bbox 593 1029 729 1094; x_wconf 87' lang='lat' dir='ltr'>persona</span> <span class='ocrx_word' id='word_1_53' title='bbox 756 1005 889 1094; x_wconf 88' lang='lat' dir='ltr'>dignum</span> <span class='ocrx_word' id='word_1_54' title='bbox 918 1029 977 1094; x_wconf 92' lang='lat' dir='ltr'>pro</span> <span class='ocrx_word' id='word_1_55' title='bbox 1000 1007 1121 1074; x_wconf 89' lang='lat' dir='ltr'>meritis</span> <span class='ocrx_word' id='word_1_56' title='bbox 1148 1004 1337 1074; x_wconf 87' lang='lat' dir='ltr'>beneficium</span> <span class='ocrx_word' id='word_1_57' title='bbox 1367 1003 1524 1072; x_wconf 90' lang='lat' dir='ltr'>collocare</span> <span class='ocrx_word' id='word_1_58' title='bbox 1547 1026 1616 1071; x_wconf 93' lang='lat' dir='ltr'>non</span> <span class='ocrx_word' id='word_1_59' title='bbox 1645 1026 1718 1091; x_wconf 90' lang='lat' dir='ltr'>pos-</span> 
     </span>
     <span class='ocr_line' id='line_1_8' title="bbox 343 1107 1719 1200; baseline -0.001 -22"><span class='ocrx_word' id='word_1_60' title='bbox 343 1135 463 1194; x_wconf 91' lang='lat' dir='ltr'>sumus,</span> <span class='ocrx_word' id='word_1_61' title='bbox 488 1110 527 1178; x_wconf 91' lang='lat' dir='ltr'>ad</span> <span class='ocrx_word' id='word_1_62' title='bbox 550 1114 761 1179; x_wconf 86' lang='lat' dir='ltr'>successionis</span> <span class='ocrx_word' id='word_1_63' title='bbox 783 1113 1039 1200; x_wconf 89' lang='lat' dir='ltr'>posteritatisque</span> <span class='ocrx_word' id='word_1_64' title='bbox 1054 1123 1126 1179; x_wconf 91' lang='lat' dir='ltr'>tuae</span> <span class='ocrx_word' id='word_1_65' title='bbox 1150 1109 1392 1179; x_wconf 82' lang='lat' dir='ltr'>constituendae</span> <span class='ocrx_word' id='word_1_66' title='bbox 1414 1107 1719 1197; x_wconf 85' lang='lat' dir='ltr'>confirmandaeque</span> 
     </span>
     <span class='ocr_line' id='line_1_9' title="bbox 344 1214 1718 1306; baseline -0.003 -22"><span class='ocrx_word' id='word_1_67' title='bbox 344 1216 555 1284; x_wconf 90' lang='lat' dir='ltr'>commodum</span> <span class='ocrx_word' id='word_1_68' title='bbox 580 1217 619 1284; x_wconf 91' lang='lat' dir='ltr'>de</span> <span class='ocrx_word' id='word_1_69' title='bbox 643 1219 807 1304; x_wconf 88' lang='lat' dir='ltr'>potestatis</span> <span class='ocrx_word' id='word_1_70' title='bbox 836 1214 1030 1305; x_wconf 92' lang='lat' dir='ltr'>plenitudine</span> <span class='ocrx_word' id='word_1_71' title='bbox 1059 1241 1281 1306; x_wconf 87' lang='lat' dir='ltr'>prorogemus.</span> <span class='ocrx_word' id='word_1_72' title='bbox 1328 1215 1632 1283; x_wconf 88' lang='lat' dir='ltr'>Animadvertentes</span> <span class='ocrx_word' id='word_1_73' title='bbox 1661 1215 1718 1281; x_wconf 87' lang='lat' dir='ltr'>ita-</span> 
     </span>
     <span class='ocr_line' id='line_1_10' title="bbox 343 1319 1719 1412; baseline -0.003 -23"><span class='ocrx_word' id='word_1_74' title='bbox 343 1345 420 1412; x_wconf 86' lang='lat' dir='ltr'>que,</span> <span class='ocrx_word' id='word_1_75' title='bbox 452 1321 639 1390; x_wconf 91' lang='lat' dir='ltr'>dominandi</span> <span class='ocrx_word' id='word_1_76' title='bbox 670 1321 782 1391; x_wconf 88' lang='lat' dir='ltr'>affectu</span> <span class='ocrx_word' id='word_1_77' title='bbox 812 1322 889 1389; x_wconf 92' lang='lat' dir='ltr'>nihil</span> <span class='ocrx_word' id='word_1_78' title='bbox 916 1322 1091 1410; x_wconf 88' lang='lat' dir='ltr'>improbius</span> <span class='ocrx_word' id='word_1_79' title='bbox 1123 1335 1154 1390; x_wconf 89' lang='lat' dir='ltr'>et</span> <span class='ocrx_word' id='word_1_80' title='bbox 1182 1323 1355 1390; x_wconf 89' lang='lat' dir='ltr'>certissima</span> <span class='ocrx_word' id='word_1_81' title='bbox 1388 1343 1532 1410; x_wconf 90' lang='lat' dir='ltr'>quaeque</span> <span class='ocrx_word' id='word_1_82' title='bbox 1562 1319 1719 1408; x_wconf 88' lang='lat' dir='ltr'>regnandi</span> 
     </span>
     <span class='ocr_line' id='line_1_11' title="bbox 344 1424 1721 1516; baseline -0.002 -22"><span class='ocrx_word' id='word_1_83' title='bbox 344 1426 504 1496; x_wconf 87' lang='lat' dir='ltr'>libidinem</span> <span class='ocrx_word' id='word_1_84' title='bbox 530 1429 717 1516; x_wconf 86' lang='lat' dir='ltr'>impugnare</span> <span class='ocrx_word' id='word_1_85' title='bbox 741 1427 844 1494; x_wconf 91' lang='lat' dir='ltr'>solere</span> <span class='ocrx_word' id='word_1_86' title='bbox 868 1440 899 1495; x_wconf 92' lang='lat' dir='ltr'>et</span> <span class='ocrx_word' id='word_1_87' title='bbox 922 1429 1034 1496; x_wconf 89' lang='lat' dir='ltr'>astutia</span> <span class='ocrx_word' id='word_1_88' title='bbox 1056 1427 1215 1495; x_wconf 91' lang='lat' dir='ltr'>interdum</span> <span class='ocrx_word' id='word_1_89' title='bbox 1240 1450 1453 1516; x_wconf 86' lang='lat' dir='ltr'>expugnasse,</span> <span class='ocrx_word' id='word_1_90' title='bbox 1484 1449 1576 1494; x_wconf 86' lang='lat' dir='ltr'>curae</span> <span class='ocrx_word' id='word_1_91' title='bbox 1604 1424 1721 1492; x_wconf 91' lang='lat' dir='ltr'>sollici-</span> 
     </span>
     <span class='ocr_line' id='line_1_12' title="bbox 343 1529 1722 1623; baseline -0.001 -23"><span class='ocrx_word' id='word_1_92' title='bbox 343 1533 508 1623; x_wconf 89' lang='lat' dir='ltr'>tudinique</span> <span class='ocrx_word' id='word_1_93' title='bbox 532 1547 670 1616; x_wconf 90' lang='lat' dir='ltr'>nostrae,</span> <span class='ocrx_word' id='word_1_94' title='bbox 694 1557 788 1623; x_wconf 88' lang='lat' dir='ltr'>quarn</span> <span class='ocrx_word' id='word_1_95' title='bbox 813 1532 853 1600; x_wconf 90' lang='lat' dir='ltr'>de</span> <span class='ocrx_word' id='word_1_96' title='bbox 876 1533 1090 1623; x_wconf 86' lang='lat' dir='ltr'>perpetuanda</span> <span class='ocrx_word' id='word_1_97' title='bbox 1114 1532 1232 1602; x_wconf 93' lang='lat' dir='ltr'>sobolis</span> <span class='ocrx_word' id='word_1_98' title='bbox 1262 1553 1334 1601; x_wconf 90' lang='lat' dir='ltr'>tuae</span> <span class='ocrx_word' id='word_1_99' title='bbox 1363 1535 1567 1601; x_wconf 90' lang='lat' dir='ltr'>successione</span> <span class='ocrx_word' id='word_1_100' title='bbox 1592 1529 1722 1598; x_wconf 88' lang='lat' dir='ltr'>eadem-</span> 
     </span>
     <span class='ocr_line' id='line_1_13' title="bbox 344 1636 1722 1728; baseline -0.002 -22"><span class='ocrx_word' id='word_1_101' title='bbox 344 1662 405 1728; x_wconf 91' lang='lat' dir='ltr'>que</span> <span class='ocrx_word' id='word_1_102' title='bbox 429 1638 650 1708; x_wconf 91' lang='lat' dir='ltr'>inviolabiliter</span> <span class='ocrx_word' id='word_1_103' title='bbox 674 1638 888 1707; x_wconf 88' lang='lat' dir='ltr'>continuanda</span> <span class='ocrx_word' id='word_1_104' title='bbox 916 1641 1031 1707; x_wconf 89' lang='lat' dir='ltr'>merito</span> <span class='ocrx_word' id='word_1_105' title='bbox 1059 1639 1227 1723; x_wconf 89' lang='lat' dir='ltr'>habemus,</span> <span class='ocrx_word' id='word_1_106' title='bbox 1256 1651 1510 1707; x_wconf 88' lang='lat' dir='ltr'>consentaneum</span> <span class='ocrx_word' id='word_1_107' title='bbox 1541 1661 1611 1705; x_wconf 89' lang='lat' dir='ltr'>esse</span> <span class='ocrx_word' id='word_1_108' title='bbox 1640 1636 1722 1705; x_wconf 91' lang='lat' dir='ltr'>arbi-</span> 
     </span>
     <span class='ocr_line' id='line_1_14' title="bbox 343 1737 1722 1834; baseline -0.002 -21"><span class='ocrx_word' id='word_1_109' title='bbox 343 1758 480 1827; x_wconf 90' lang='lat' dir='ltr'>tramur,</span> <span class='ocrx_word' id='word_1_110' title='bbox 510 1757 544 1812; x_wconf 94' lang='lat' dir='ltr'>ut</span> <span class='ocrx_word' id='word_1_111' title='bbox 571 1737 726 1834; x_wconf 75' lang='lat' dir='ltr'>quatenus</span> <span class='ocrx_word' id='word_1_112' title='bbox 756 1761 864 1814; x_wconf 91' lang='lat' dir='ltr'>nostra</span> <span class='ocrx_word' id='word_1_113' title='bbox 895 1747 1071 1833; x_wconf 89' lang='lat' dir='ltr'>permiserit</span> <span class='ocrx_word' id='word_1_114' title='bbox 1100 1745 1261 1834; x_wconf 89' lang='lat' dir='ltr'>valeatque</span> <span class='ocrx_word' id='word_1_115' title='bbox 1293 1757 1449 1833; x_wconf 90' lang='lat' dir='ltr'>potestas,</span> <span class='ocrx_word' id='word_1_116' title='bbox 1480 1745 1529 1812; x_wconf 92' lang='lat' dir='ltr'>illa</span> <span class='ocrx_word' id='word_1_117' title='bbox 1560 1745 1672 1811; x_wconf 90' lang='lat' dir='ltr'>omnia</span> <span class='ocrx_word' id='word_1_118' title='bbox 1703 1766 1722 1810; x_wconf 92' lang='lat' dir='ltr'>e</span> 
     </span>
     <span class='ocr_line' id='line_1_15' title="bbox 344 1850 1720 1940; baseline -0.002 -23"><span class='ocrx_word' id='word_1_119' title='bbox 344 1850 453 1919; x_wconf 91' lang='lat' dir='ltr'>medio</span> <span class='ocrx_word' id='word_1_120' title='bbox 486 1873 720 1932; x_wconf 87' lang='lat' dir='ltr'>removeamus,</span> <span class='ocrx_word' id='word_1_121' title='bbox 744 1873 824 1940; x_wconf 91' lang='lat' dir='ltr'>quae</span> <span class='ocrx_word' id='word_1_122' title='bbox 855 1851 1011 1919; x_wconf 89' lang='lat' dir='ltr'>occultam</span> <span class='ocrx_word' id='word_1_123' title='bbox 1041 1853 1088 1918; x_wconf 90' lang='lat' dir='ltr'>sui</span> <span class='ocrx_word' id='word_1_124' title='bbox 1118 1875 1243 1918; x_wconf 90' lang='lat' dir='ltr'>causam</span> <span class='ocrx_word' id='word_1_125' title='bbox 1283 1851 1399 1919; x_wconf 87' lang='lat' dir='ltr'>habent</span> <span class='ocrx_word' id='word_1_126' title='bbox 1432 1869 1526 1939; x_wconf 88' lang='lat' dir='ltr'>atque</span> <span class='ocrx_word' id='word_1_127' title='bbox 1561 1861 1720 1918; x_wconf 88' lang='lat' dir='ltr'>secretam</span> 
     </span>
     <span class='ocr_line' id='line_1_16' title="bbox 344 1955 1722 2046; baseline -0.001 -23"><span class='ocrx_word' id='word_1_128' title='bbox 344 1955 466 2024; x_wconf 85' lang='lat' dir='ltr'>fictioni</span> <span class='ocrx_word' id='word_1_129' title='bbox 490 1957 778 2046; x_wconf 89' lang='lat' dir='ltr'>machinationique</span> <span class='ocrx_word' id='word_1_130' title='bbox 803 1969 982 2044; x_wconf 89' lang='lat' dir='ltr'>promptam</span> <span class='ocrx_word' id='word_1_131' title='bbox 1008 1971 1039 2025; x_wconf 89' lang='lat' dir='ltr'>et</span> <span class='ocrx_word' id='word_1_132' title='bbox 1055 1957 1192 2040; x_wconf 90' lang='lat' dir='ltr'>obviarn,</span> <span class='ocrx_word' id='word_1_133' title='bbox 1217 1957 1302 2025; x_wconf 90' lang='lat' dir='ltr'>unde</span> <span class='ocrx_word' id='word_1_134' title='bbox 1323 1959 1453 2025; x_wconf 90' lang='lat' dir='ltr'>materia</span> <span class='ocrx_word' id='word_1_135' title='bbox 1477 1955 1622 2044; x_wconf 88' lang='lat' dir='ltr'>confingi</span> <span class='ocrx_word' id='word_1_136' title='bbox 1642 1979 1722 2023; x_wconf 90' lang='lat' dir='ltr'>con-</span> 
     </span>
     <span class='ocr_line' id='line_1_17' title="bbox 344 2060 1722 2152; baseline -0.001 -24"><span class='ocrx_word' id='word_1_137' title='bbox 344 2061 474 2151; x_wconf 88' lang='lat' dir='ltr'>flarique</span> <span class='ocrx_word' id='word_1_138' title='bbox 505 2064 606 2151; x_wconf 90' lang='lat' dir='ltr'>possit</span> <span class='ocrx_word' id='word_1_139' title='bbox 636 2060 675 2129; x_wconf 94' lang='lat' dir='ltr'>ad</span> <span class='ocrx_word' id='word_1_140' title='bbox 705 2063 942 2131; x_wconf 88' lang='lat' dir='ltr'>successionem</span> <span class='ocrx_word' id='word_1_141' title='bbox 972 2061 1269 2132; x_wconf 78' lang='lat' dir='ltr'>collabefactandam</span> <span class='ocrx_word' id='word_1_142' title='bbox 1304 2063 1483 2152; x_wconf 91' lang='lat' dir='ltr'>allegabilis.</span> <span class='ocrx_word' id='word_1_143' title='bbox 1531 2061 1643 2144; x_wconf 89' lang='lat' dir='ltr'>Quam</span> <span class='ocrx_word' id='word_1_144' title='bbox 1678 2061 1722 2128; x_wconf 93' lang='lat' dir='ltr'>ob</span> 
     </span>
     <span class='ocr_line' id='line_1_18' title="bbox 344 2167 1722 2258; baseline 0.002 -25"><span class='ocrx_word' id='word_1_145' title='bbox 344 2190 429 2250; x_wconf 89' lang='lat' dir='ltr'>rem,</span> <span class='ocrx_word' id='word_1_146' title='bbox 458 2191 499 2234; x_wconf 91' lang='lat' dir='ltr'>ne</span> <span class='ocrx_word' id='word_1_147' title='bbox 522 2168 583 2234; x_wconf 92' lang='lat' dir='ltr'>ulla</span> <span class='ocrx_word' id='word_1_148' title='bbox 605 2167 704 2236; x_wconf 89' lang='lat' dir='ltr'>lraudi</span> <span class='ocrx_word' id='word_1_149' title='bbox 734 2167 961 2255; x_wconf 83' lang='lat' dir='ltr'>excogitandae</span> <span class='ocrx_word' id='word_1_150' title='bbox 991 2169 1183 2258; x_wconf 89' lang='lat' dir='ltr'>relinquatur</span> <span class='ocrx_word' id='word_1_151' title='bbox 1211 2171 1354 2248; x_wconf 92' lang='lat' dir='ltr'>occasio,</span> <span class='ocrx_word' id='word_1_152' title='bbox 1386 2183 1417 2237; x_wconf 92' lang='lat' dir='ltr'>et</span> <span class='ocrx_word' id='word_1_153' title='bbox 1445 2167 1595 2236; x_wconf 87' lang='lat' dir='ltr'>calliditas</span> <span class='ocrx_word' id='word_1_154' title='bbox 1624 2181 1722 2256; x_wconf 90' lang='lat' dir='ltr'>atque</span> 
     </span>
     <span class='ocr_line' id='line_1_19' title="bbox 344 2274 1722 2363; baseline 0 -23"><span class='ocrx_word' id='word_1_155' title='bbox 344 2274 456 2340; x_wconf 90' lang='lat' dir='ltr'>astutia</span> <span class='ocrx_word' id='word_1_156' title='bbox 488 2295 621 2340; x_wconf 90' lang='lat' dir='ltr'>omnem</span> <span class='ocrx_word' id='word_1_157' title='bbox 655 2275 817 2341; x_wconf 90' lang='lat' dir='ltr'>materiam</span> <span class='ocrx_word' id='word_1_158' title='bbox 847 2274 1020 2361; x_wconf 89' lang='lat' dir='ltr'>praecisam</span> <span class='ocrx_word' id='word_1_159' title='bbox 1052 2274 1266 2363; x_wconf 87' lang='lat' dir='ltr'>sublatamque</span> <span class='ocrx_word' id='word_1_160' title='bbox 1300 2274 1490 2362; x_wconf 88' lang='lat' dir='ltr'>intelligant,</span> <span class='ocrx_word' id='word_1_161' title='bbox 1526 2274 1612 2342; x_wconf 93' lang='lat' dir='ltr'>unde</span> <span class='ocrx_word' id='word_1_162' title='bbox 1649 2298 1722 2341; x_wconf 91' lang='lat' dir='ltr'>suas</span> 
     </span>
     <span class='ocr_line' id='line_1_20' title="bbox 344 2377 1722 2468; baseline 0.001 -23"><span class='ocrx_word' id='word_1_163' title='bbox 344 2377 477 2446; x_wconf 87' lang='lat' dir='ltr'>malitias</span> <span class='ocrx_word' id='word_1_164' title='bbox 501 2389 643 2466; x_wconf 88' lang='lat' dir='ltr'>satagant</span> <span class='ocrx_word' id='word_1_165' title='bbox 666 2377 802 2467; x_wconf 88' lang='lat' dir='ltr'>palliare,</span> <span class='ocrx_word' id='word_1_166' title='bbox 826 2378 865 2446; x_wconf 89' lang='lat' dir='ltr'>de</span> <span class='ocrx_word' id='word_1_167' title='bbox 889 2381 1053 2468; x_wconf 88' lang='lat' dir='ltr'>potestatis</span> <span class='ocrx_word' id='word_1_168' title='bbox 1077 2393 1205 2448; x_wconf 90' lang='lat' dir='ltr'>nostrae</span> <span class='ocrx_word' id='word_1_169' title='bbox 1228 2379 1424 2467; x_wconf 89' lang='lat' dir='ltr'>plenitudine</span> <span class='ocrx_word' id='word_1_170' title='bbox 1454 2393 1596 2447; x_wconf 87' lang='lat' dir='ltr'>nostram</span> <span class='ocrx_word' id='word_1_171' title='bbox 1627 2382 1659 2447; x_wconf 92' lang='lat' dir='ltr'>in</span> <span class='ocrx_word' id='word_1_172' title='bbox 1685 2403 1722 2448; x_wconf 91' lang='lat' dir='ltr'>ea</span> 
     </span>
     <span class='ocr_line' id='line_1_21' title="bbox 344 2483 1721 2575; baseline 0.001 -25"><span class='ocrx_word' id='word_1_173' title='bbox 344 2495 431 2573; x_wconf 90' lang='lat' dir='ltr'>parte</span> <span class='ocrx_word' id='word_1_174' title='bbox 454 2483 629 2551; x_wconf 88' lang='lat' dir='ltr'>absolutam</span> <span class='ocrx_word' id='word_1_175' title='bbox 654 2495 844 2572; x_wconf 85' lang='lat' dir='ltr'>potestatem</span> <span class='ocrx_word' id='word_1_176' title='bbox 863 2497 894 2553; x_wconf 91' lang='lat' dir='ltr'>et</span> <span class='ocrx_word' id='word_1_177' title='bbox 917 2509 1011 2575; x_wconf 89' lang='lat' dir='ltr'>quam</span> <span class='ocrx_word' id='word_1_178' title='bbox 1036 2484 1187 2553; x_wconf 90' lang='lat' dir='ltr'>habemus</span> <span class='ocrx_word' id='word_1_179' title='bbox 1203 2509 1361 2552; x_wconf 91' lang='lat' dir='ltr'>summam</span> <span class='ocrx_word' id='word_1_180' title='bbox 1386 2499 1418 2554; x_wconf 89' lang='lat' dir='ltr'>et</span> <span class='ocrx_word' id='word_1_181' title='bbox 1442 2487 1614 2553; x_wconf 87' lang='lat' dir='ltr'>maximam</span> <span class='ocrx_word' id='word_1_182' title='bbox 1633 2509 1721 2554; x_wconf 91' lang='lat' dir='ltr'>exer-</span> 
     </span>
     <span class='ocr_line' id='line_1_22' title="bbox 345 2589 1721 2680; baseline 0 -23"><span class='ocrx_word' id='word_1_183' title='bbox 345 2603 471 2672; x_wconf 89' lang='lat' dir='ltr'>centes,</span> <span class='ocrx_word' id='word_1_184' title='bbox 503 2613 540 2656; x_wconf 90' lang='lat' dir='ltr'>ex</span> <span class='ocrx_word' id='word_1_185' title='bbox 570 2591 671 2656; x_wconf 88' lang='lat' dir='ltr'>causis</span> <span class='ocrx_word' id='word_1_186' title='bbox 699 2589 791 2656; x_wconf 91' lang='lat' dir='ltr'>nobis</span> <span class='ocrx_word' id='word_1_187' title='bbox 821 2593 993 2679; x_wconf 90' lang='lat' dir='ltr'>perspectis</span> <span class='ocrx_word' id='word_1_188' title='bbox 1021 2592 1156 2678; x_wconf 90' lang='lat' dir='ltr'>cognitis</span> <span class='ocrx_word' id='word_1_189' title='bbox 1187 2604 1218 2659; x_wconf 90' lang='lat' dir='ltr'>et</span> <span class='ocrx_word' id='word_1_190' title='bbox 1249 2589 1439 2672; x_wconf 91' lang='lat' dir='ltr'>diiudicatis,</span> <span class='ocrx_word' id='word_1_191' title='bbox 1470 2613 1547 2680; x_wconf 91' lang='lat' dir='ltr'>quas</span> <span class='ocrx_word' id='word_1_192' title='bbox 1580 2593 1631 2659; x_wconf 90' lang='lat' dir='ltr'>hic</span> <span class='ocrx_word' id='word_1_193' title='bbox 1662 2613 1721 2680; x_wconf 92' lang='lat' dir='ltr'>pro</span> 
     </span>
     <span class='ocr_line' id='line_1_23' title="bbox 346 2695 1721 2779; baseline 0 -17"><span class='ocrx_word' id='word_1_194' title='bbox 346 2697 470 2764; x_wconf 91' lang='lat' dir='ltr'>insertis</span> <span class='ocrx_word' id='word_1_195' title='bbox 493 2695 642 2762; x_wconf 88' lang='lat' dir='ltr'>volumus</span> <span class='ocrx_word' id='word_1_196' title='bbox 666 2695 782 2778; x_wconf 91' lang='lat' dir='ltr'>haberi,</span> <span class='ocrx_word' id='word_1_197' title='bbox 806 2718 920 2763; x_wconf 90' lang='lat' dir='ltr'>omnes</span> <span class='ocrx_word' id='word_1_198' title='bbox 944 2695 1013 2762; x_wconf 90' lang='lat' dir='ltr'>illos</span> <span class='ocrx_word' id='word_1_199' title='bbox 1038 2719 1187 2778; x_wconf 91' lang='lat' dir='ltr'>canones,</span> <span class='ocrx_word' id='word_1_200' title='bbox 1211 2698 1475 2779; x_wconf 88' lang='lat' dir='ltr'>constitutiones,</span> <span class='ocrx_word' id='word_1_201' title='bbox 1500 2695 1721 2764; x_wconf 90' lang='lat' dir='ltr'>ordinationes</span> 
     </span>
     <span class='ocr_line' id='line_1_24' title="bbox 346 2800 1720 2891; baseline 0.001 -22"><span class='ocrx_word' id='word_1_202' title='bbox 346 2814 377 2869; x_wconf 88' lang='lat' dir='ltr'>et</span> <span class='ocrx_word' id='word_1_203' title='bbox 400 2820 515 2869; x_wconf 90' lang='lat' dir='ltr'>statuta</span> <span class='ocrx_word' id='word_1_204' title='bbox 542 2803 574 2868; x_wconf 92' lang='lat' dir='ltr'>in</span> <span class='ocrx_word' id='word_1_205' title='bbox 604 2802 746 2869; x_wconf 91' lang='lat' dir='ltr'>conciliis</span> <span class='ocrx_word' id='word_1_206' title='bbox 773 2800 986 2888; x_wconf 89' lang='lat' dir='ltr'>generalibus,</span> <span class='ocrx_word' id='word_1_207' title='bbox 1015 2800 1219 2890; x_wconf 88' lang='lat' dir='ltr'>synodalibus</span> <span class='ocrx_word' id='word_1_208' title='bbox 1250 2815 1302 2871; x_wconf 91' lang='lat' dir='ltr'>aut</span> <span class='ocrx_word' id='word_1_209' title='bbox 1329 2801 1577 2891; x_wconf 89' lang='lat' dir='ltr'>provincialibus</span> <span class='ocrx_word' id='word_1_210' title='bbox 1606 2803 1720 2870; x_wconf 89' lang='lat' dir='ltr'>aliasve</span> 
     </span>
     <span class='ocr_line' id='line_1_25' title="bbox 346 2905 1721 2997; baseline 0.001 -25"><span class='ocrx_word' id='word_1_211' title='bbox 346 2905 429 2974; x_wconf 89' lang='lat' dir='ltr'>edita</span> <span class='ocrx_word' id='word_1_212' title='bbox 453 2919 484 2974; x_wconf 93' lang='lat' dir='ltr'>et</span> <span class='ocrx_word' id='word_1_213' title='bbox 508 2907 717 2994; x_wconf 90' lang='lat' dir='ltr'>promulgata,</span> <span class='ocrx_word' id='word_1_214' title='bbox 740 2929 819 2995; x_wconf 92' lang='lat' dir='ltr'>quae</span> <span class='ocrx_word' id='word_1_215' title='bbox 843 2905 882 2973; x_wconf 93' lang='lat' dir='ltr'>de</span> <span class='ocrx_word' id='word_1_216' title='bbox 907 2907 1118 2974; x_wconf 89' lang='lat' dir='ltr'>matrimoniis</span> <span class='ocrx_word' id='word_1_217' title='bbox 1142 2909 1224 2974; x_wconf 91' lang='lat' dir='ltr'>inter</span> <span class='ocrx_word' id='word_1_218' title='bbox 1247 2909 1523 2995; x_wconf 89' lang='lat' dir='ltr'>consanguineos,</span> <span class='ocrx_word' id='word_1_219' title='bbox 1548 2909 1602 2997; x_wconf 91' lang='lat' dir='ltr'>qui</span> <span class='ocrx_word' id='word_1_220' title='bbox 1625 2910 1721 2974; x_wconf 91' lang='lat' dir='ltr'>tertio</span> 
     </span>
     <span class='ocr_line' id='line_1_26' title="bbox 346 3009 1722 3102; baseline 0.002 -24"><span class='ocrx_word' id='word_1_221' title='bbox 346 3023 398 3078; x_wconf 89' lang='lat' dir='ltr'>aut</span> <span class='ocrx_word' id='word_1_222' title='bbox 426 3029 539 3100; x_wconf 86' lang='lat' dir='ltr'>quarto</span> <span class='ocrx_word' id='word_1_223' title='bbox 567 3009 666 3098; x_wconf 91' lang='lat' dir='ltr'>gradu</span> <span class='ocrx_word' id='word_1_224' title='bbox 694 3035 728 3078; x_wconf 90' lang='lat' dir='ltr'>se</span> <span class='ocrx_word' id='word_1_225' title='bbox 757 3013 932 3098; x_wconf 89' lang='lat' dir='ltr'>attigerint,</span> <span class='ocrx_word' id='word_1_226' title='bbox 960 3035 1027 3078; x_wconf 92' lang='lat' dir='ltr'>non</span> <span class='ocrx_word' id='word_1_227' title='bbox 1056 3011 1280 3080; x_wconf 91' lang='lat' dir='ltr'>contrahendis</span> <span class='ocrx_word' id='word_1_228' title='bbox 1311 3033 1340 3080; x_wconf 86' lang='lat' dir='ltr'>et</span> <span class='ocrx_word' id='word_1_229' title='bbox 1369 3015 1445 3081; x_wconf 89' lang='lat' dir='ltr'>item</span> <span class='ocrx_word' id='word_1_230' title='bbox 1476 3012 1542 3094; x_wconf 91' lang='lat' dir='ltr'>illa,</span> <span class='ocrx_word' id='word_1_231' title='bbox 1572 3036 1655 3102; x_wconf 90' lang='lat' dir='ltr'>quae</span> <span class='ocrx_word' id='word_1_232' title='bbox 1683 3013 1722 3081; x_wconf 91' lang='lat' dir='ltr'>de</span> 
     </span>
     <span class='ocr_line' id='line_1_27' title="bbox 345 3114 1722 3205; baseline 0.001 -21"><span class='ocrx_word' id='word_1_233' title='bbox 345 3114 579 3204; x_wconf 91' lang='lat' dir='ltr'>impedimento</span> <span class='ocrx_word' id='word_1_234' title='bbox 602 3115 743 3204; x_wconf 91' lang='lat' dir='ltr'>publicae</span> <span class='ocrx_word' id='word_1_235' title='bbox 775 3117 948 3185; x_wconf 89' lang='lat' dir='ltr'>honestatis</span> <span class='ocrx_word' id='word_1_236' title='bbox 976 3119 1111 3184; x_wconf 89' lang='lat' dir='ltr'>iustitiae</span> <span class='ocrx_word' id='word_1_237' title='bbox 1139 3141 1177 3184; x_wconf 89' lang='lat' dir='ltr'>ex</span> <span class='ocrx_word' id='word_1_238' title='bbox 1200 3117 1398 3205; x_wconf 89' lang='lat' dir='ltr'>sponsalibus</span> <span class='ocrx_word' id='word_1_239' title='bbox 1423 3117 1620 3187; x_wconf 91' lang='lat' dir='ltr'>clandestine</span> <span class='ocrx_word' id='word_1_240' title='bbox 1646 3143 1722 3186; x_wconf 92' lang='lat' dir='ltr'>con·</span> 
     </span>
     <span class='ocr_line' id='line_1_28' title="bbox 345 3221 1723 3310; baseline 0.002 -21"><span class='ocrx_word' id='word_1_241' title='bbox 345 3223 451 3290; x_wconf 88' lang='lat' dir='ltr'>tractis</span> <span class='ocrx_word' id='word_1_242' title='bbox 474 3234 576 3302; x_wconf 89' lang='lat' dir='ltr'>natae,</span> <span class='ocrx_word' id='word_1_243' title='bbox 600 3223 840 3289; x_wconf 90' lang='lat' dir='ltr'>matrimonium</span> <span class='ocrx_word' id='word_1_244' title='bbox 864 3221 1010 3291; x_wconf 87' lang='lat' dir='ltr'>videlicet</span> <span class='ocrx_word' id='word_1_245' title='bbox 1033 3221 1235 3310; x_wconf 89' lang='lat' dir='ltr'>impedientis</span> <span class='ocrx_word' id='word_1_246' title='bbox 1260 3235 1290 3290; x_wconf 87' lang='lat' dir='ltr'>et</span> <span class='ocrx_word' id='word_1_247' title='bbox 1306 3223 1483 3292; x_wconf 89' lang='lat' dir='ltr'>dirimentis</span> <span class='ocrx_word' id='word_1_248' title='bbox 1507 3237 1723 3308; x_wconf 90' lang='lat' dir='ltr'>contractum,</span> 
     </span>
     <span class='ocr_line' id='line_1_29' title="bbox 346 3326 1724 3419; baseline 0.004 -24"><span class='ocrx_word' id='word_1_249' title='bbox 346 3339 377 3395; x_wconf 91' lang='lat' dir='ltr'>et</span> <span class='ocrx_word' id='word_1_250' title='bbox 406 3329 500 3395; x_wconf 87' lang='lat' dir='ltr'>etiam</span> <span class='ocrx_word' id='word_1_251' title='bbox 524 3350 570 3410; x_wconf 88' lang='lat' dir='ltr'>ea,</span> <span class='ocrx_word' id='word_1_252' title='bbox 595 3349 674 3415; x_wconf 88' lang='lat' dir='ltr'>quae</span> <span class='ocrx_word' id='word_1_253' title='bbox 703 3326 743 3394; x_wconf 91' lang='lat' dir='ltr'>de</span> <span class='ocrx_word' id='word_1_254' title='bbox 771 3339 1009 3416; x_wconf 90' lang='lat' dir='ltr'>praecontractu</span> <span class='ocrx_word' id='word_1_255' title='bbox 1039 3329 1261 3395; x_wconf 87' lang='lat' dir='ltr'>matrimoniali</span> <span class='ocrx_word' id='word_1_256' title='bbox 1290 3352 1346 3416; x_wconf 89' lang='lat' dir='ltr'>per</span> <span class='ocrx_word' id='word_1_257' title='bbox 1375 3329 1470 3397; x_wconf 90' lang='lat' dir='ltr'>verba</span> <span class='ocrx_word' id='word_1_258' title='bbox 1494 3328 1533 3398; x_wconf 89' lang='lat' dir='ltr'>de</span> <span class='ocrx_word' id='word_1_259' title='bbox 1563 3334 1724 3419; x_wconf 86' lang='lat' dir='ltr'>praesenti</span> 
     </span>
     <span class='ocr_line' id='line_1_30' title="bbox 345 3433 1723 3516; baseline 0.003 -16"><span class='ocrx_word' id='word_1_260' title='bbox 345 3435 425 3501; x_wconf 90' lang='lat' dir='ltr'>inito</span> <span class='ocrx_word' id='word_1_261' title='bbox 442 3445 473 3501; x_wconf 90' lang='lat' dir='ltr'>et</span> <span class='ocrx_word' id='word_1_262' title='bbox 489 3445 654 3501; x_wconf 86' lang='lat' dir='ltr'>contracto</span> <span class='ocrx_word' id='word_1_263' title='bbox 671 3456 737 3500; x_wconf 86' lang='lat' dir='ltr'>nort</span> <span class='ocrx_word' id='word_1_264' title='bbox 755 3447 944 3501; x_wconf 91' lang='lat' dir='ltr'>consumato</span> <span class='ocrx_word' id='word_1_265' title='bbox 964 3457 1023 3501; x_wconf 91' lang='lat' dir='ltr'>nec</span> <span class='ocrx_word' id='word_1_266' title='bbox 1039 3433 1258 3516; x_wconf 90' lang='lat' dir='ltr'>solemnizato,</span> <span class='ocrx_word' id='word_1_267' title='bbox 1282 3434 1459 3502; x_wconf 88' lang='lat' dir='ltr'>secundum</span> <span class='ocrx_word' id='word_1_268' title='bbox 1477 3437 1723 3505; x_wconf 89' lang='lat' dir='ltr'>matrimonium</span> 
     </span>
     <span class='ocr_line' id='line_1_31' title="bbox 346 3537 1725 3628; baseline 0.001 -21"><span class='ocrx_word' id='word_1_269' title='bbox 346 3539 537 3628; x_wconf 85' lang='lat' dir='ltr'>impeditum</span> <span class='ocrx_word' id='word_1_270' title='bbox 562 3551 593 3606; x_wconf 92' lang='lat' dir='ltr'>et</span> <span class='ocrx_word' id='word_1_271' title='bbox 617 3537 829 3627; x_wconf 87' lang='lat' dir='ltr'>diremptum,</span> <span class='ocrx_word' id='word_1_272' title='bbox 859 3538 994 3628; x_wconf 90' lang='lat' dir='ltr'>denique</span> <span class='ocrx_word' id='word_1_273' title='bbox 1019 3539 1083 3621; x_wconf 88' lang='lat' dir='ltr'>illa,</span> <span class='ocrx_word' id='word_1_274' title='bbox 1115 3562 1194 3628; x_wconf 91' lang='lat' dir='ltr'>quae</span> <span class='ocrx_word' id='word_1_275' title='bbox 1223 3539 1262 3606; x_wconf 89' lang='lat' dir='ltr'>de</span> <span class='ocrx_word' id='word_1_276' title='bbox 1291 3539 1443 3608; x_wconf 86' lang='lat' dir='ltr'>affinitate</span> <span class='ocrx_word' id='word_1_277' title='bbox 1473 3565 1511 3608; x_wconf 86' lang='lat' dir='ltr'>ex</span> <span class='ocrx_word' id='word_1_278' title='bbox 1541 3544 1629 3609; x_wconf 86' lang='lat' dir='ltr'>coitu</span> <span class='ocrx_word' id='word_1_279' title='bbox 1660 3542 1725 3610; x_wconf 90' lang='lat' dir='ltr'>ille·</span> 
     </span>
     <span class='ocr_line' id='line_1_32' title="bbox 345 3643 1724 3732; baseline 0.001 -20"><span class='ocrx_word' id='word_1_280' title='bbox 345 3647 459 3732; x_wconf 90' lang='lat' dir='ltr'>gitimo</span> <span class='ocrx_word' id='word_1_281' title='bbox 487 3647 518 3710; x_wconf 93' lang='lat' dir='ltr'>in</span> <span class='ocrx_word' id='word_1_282' title='bbox 550 3666 742 3732; x_wconf 88' lang='lat' dir='ltr'>quocunque</span> <span class='ocrx_word' id='word_1_283' title='bbox 773 3643 870 3730; x_wconf 90' lang='lat' dir='ltr'>gradu</span> <span class='ocrx_word' id='word_1_284' title='bbox 903 3645 1024 3711; x_wconf 89' lang='lat' dir='ltr'>etiamsi</span> <span class='ocrx_word' id='word_1_285' title='bbox 1055 3645 1159 3732; x_wconf 89' lang='lat' dir='ltr'>primo</span> <span class='ocrx_word' id='word_1_286' title='bbox 1183 3647 1409 3732; x_wconf 90' lang='lat' dir='ltr'>proveniente,</span> <span class='ocrx_word' id='word_1_287' title='bbox 1438 3648 1724 3716; x_wconf 89' lang='lat' dir='ltr'>matrimoniorum</span> 
     </span>
     <span class='ocr_line' id='line_1_33' title="bbox 345 3748 1725 3841; baseline 0.004 -25"><span class='ocrx_word' id='word_1_288' title='bbox 345 3749 487 3817; x_wconf 89' lang='lat' dir='ltr'>similiter</span> <span class='ocrx_word' id='word_1_289' title='bbox 503 3751 674 3817; x_wconf 87' lang='lat' dir='ltr'>irritatorio</span> <span class='ocrx_word' id='word_1_290' title='bbox 691 3748 933 3836; x_wconf 66' lang='lat' dir='ltr'>impedimento</span> <span class='ocrx_word' id='word_1_291' title='bbox 946 3769 1112 3836; x_wconf 90' lang='lat' dir='ltr'>postremo</span> <span class='ocrx_word' id='word_1_292' title='bbox 1128 3748 1188 3832; x_wconf 89' lang='lat' dir='ltr'>illa,</span> <span class='ocrx_word' id='word_1_293' title='bbox 1205 3773 1284 3838; x_wconf 88' lang='lat' dir='ltr'>quae</span> <span class='ocrx_word' id='word_1_294' title='bbox 1297 3749 1337 3818; x_wconf 93' lang='lat' dir='ltr'>de</span> <span class='ocrx_word' id='word_1_295' title='bbox 1351 3753 1547 3839; x_wconf 88' lang='lat' dir='ltr'>cognatione</span> <span class='ocrx_word' id='word_1_296' title='bbox 1559 3755 1725 3841; x_wconf 91' lang='lat' dir='ltr'>spirituali,</span> 
     </span>
     <span class='ocr_line' id='line_1_34' title="bbox 345 3840 1725 3943; baseline 0.004 -21"><span class='ocrx_word' id='word_1_297' title='bbox 345 3854 488 3922; x_wconf 89' lang='lat' dir='ltr'>similiter</span> <span class='ocrx_word' id='word_1_298' title='bbox 510 3855 750 3920; x_wconf 90' lang='lat' dir='ltr'>matrimonium</span> <span class='ocrx_word' id='word_1_299' title='bbox 775 3853 972 3941; x_wconf 89' lang='lat' dir='ltr'>impeditura,</span> <span class='ocrx_word' id='word_1_300' title='bbox 997 3853 1168 3943; x_wconf 91' lang='lat' dir='ltr'>loquuntur</span> <span class='ocrx_word' id='word_1_301' title='bbox 1190 3869 1220 3921; x_wconf 93' lang='lat' dir='ltr'>et</span> <span class='ocrx_word' id='word_1_302' title='bbox 1243 3854 1429 3942; x_wconf 88' lang='lat' dir='ltr'>disponunt,</span> <span class='ocrx_word' id='word_1_303' title='bbox 1453 3856 1492 3924; x_wconf 93' lang='lat' dir='ltr'>ad</span> <span class='ocrx_word' id='word_1_304' title='bbox 1517 3840 1725 3927; x_wconf 82' lang='lat' dir='ltr'>matrimbnia</span> 
     </span>
     <span class='ocr_line' id='line_1_35' title="bbox 344 3958 1725 4048; baseline 0.004 -20"><span class='ocrx_word' id='word_1_305' title='bbox 344 3983 400 4048; x_wconf 89' lang='lat' dir='ltr'>per</span> <span class='ocrx_word' id='word_1_306' title='bbox 423 3979 455 4028; x_wconf 92' lang='lat' dir='ltr'>te</span> <span class='ocrx_word' id='word_1_307' title='bbox 472 3958 686 4027; x_wconf 89' lang='lat' dir='ltr'>contrahenda</span> <span class='ocrx_word' id='word_1_308' title='bbox 706 3981 772 4024; x_wconf 91' lang='lat' dir='ltr'>non</span> <span class='ocrx_word' id='word_1_309' title='bbox 789 3960 957 4045; x_wconf 90' lang='lat' dir='ltr'>pertinere,</span> <span class='ocrx_word' id='word_1_310' title='bbox 980 3961 1024 4026; x_wconf 91' lang='lat' dir='ltr'>sic</span> <span class='ocrx_word' id='word_1_311' title='bbox 1041 3971 1075 4026; x_wconf 92' lang='lat' dir='ltr'>ut</span> <span class='ocrx_word' id='word_1_312' title='bbox 1094 3959 1219 4026; x_wconf 89' lang='lat' dir='ltr'>illorum</span> <span class='ocrx_word' id='word_1_313' title='bbox 1241 3983 1413 4044; x_wconf 88' lang='lat' dir='ltr'>canonum,</span> <span class='ocrx_word' id='word_1_314' title='bbox 1439 3965 1725 4048; x_wconf 90' lang='lat' dir='ltr'>constitutionum,</span> 
     </span>
     <span class='ocr_line' id='line_1_36' title="bbox 345 4064 1725 4154; baseline 0.004 -22"><span class='ocrx_word' id='word_1_315' title='bbox 345 4065 583 4133; x_wconf 90' lang='lat' dir='ltr'>ordinationum</span> <span class='ocrx_word' id='word_1_316' title='bbox 617 4076 669 4130; x_wconf 94' lang='lat' dir='ltr'>aut</span> <span class='ocrx_word' id='word_1_317' title='bbox 699 4075 889 4130; x_wconf 88' lang='lat' dir='ltr'>statutorum</span> <span class='ocrx_word' id='word_1_318' title='bbox 921 4064 1022 4130; x_wconf 89' lang='lat' dir='ltr'>aliove</span> <span class='ocrx_word' id='word_1_319' title='bbox 1053 4088 1244 4154; x_wconf 91' lang='lat' dir='ltr'>quocunque</span> <span class='ocrx_word' id='word_1_320' title='bbox 1274 4069 1409 4134; x_wconf 90' lang='lat' dir='ltr'>nomine</span> <span class='ocrx_word' id='word_1_321' title='bbox 1444 4083 1637 4138; x_wconf 88' lang='lat' dir='ltr'>censeantur</span> <span class='ocrx_word' id='word_1_322' title='bbox 1672 4072 1725 4140; x_wconf 92' lang='lat' dir='ltr'>ali-</span> 
     </span>
     <span class='ocr_line' id='line_1_37' title="bbox 344 4170 1725 4259; baseline 0.007 -23"><span class='ocrx_word' id='word_1_323' title='bbox 344 4191 523 4259; x_wconf 88' lang='lat' dir='ltr'>quorumve</span> <span class='ocrx_word' id='word_1_324' title='bbox 539 4190 652 4235; x_wconf 88' lang='lat' dir='ltr'>eorum</span> <span class='ocrx_word' id='word_1_325' title='bbox 669 4171 784 4236; x_wconf 90' lang='lat' dir='ltr'>virtute</span> <span class='ocrx_word' id='word_1_326' title='bbox 800 4187 852 4236; x_wconf 91' lang='lat' dir='ltr'>aut</span> <span class='ocrx_word' id='word_1_327' title='bbox 867 4170 978 4255; x_wconf 90' lang='lat' dir='ltr'>vigore</span> <span class='ocrx_word' id='word_1_328' title='bbox 990 4172 1192 4236; x_wconf 91' lang='lat' dir='ltr'>matrimonia</span> <span class='ocrx_word' id='word_1_329' title='bbox 1204 4193 1259 4259; x_wconf 91' lang='lat' dir='ltr'>per</span> <span class='ocrx_word' id='word_1_330' title='bbox 1275 4185 1307 4238; x_wconf 93' lang='lat' dir='ltr'>te</span> <span class='ocrx_word' id='word_1_331' title='bbox 1319 4175 1538 4242; x_wconf 90' lang='lat' dir='ltr'>contrahenda</span> <span class='ocrx_word' id='word_1_332' title='bbox 1551 4175 1725 4245; x_wconf 87' lang='lat' dir='ltr'>sobolesve</span> 
     </span>
     <span class='ocr_line' id='line_1_38' title="bbox 344 4273 1725 4368; baseline 0.005 -26"><span class='ocrx_word' id='word_1_333' title='bbox 344 4274 544 4364; x_wconf 90' lang='lat' dir='ltr'>suscipienda</span> <span class='ocrx_word' id='word_1_334' title='bbox 568 4299 606 4341; x_wconf 90' lang='lat' dir='ltr'>ex</span> <span class='ocrx_word' id='word_1_335' title='bbox 630 4273 750 4341; x_wconf 89' lang='lat' dir='ltr'>eisdem</span> <span class='ocrx_word' id='word_1_336' title='bbox 774 4275 884 4361; x_wconf 89' lang='lat' dir='ltr'>impeti</span> <span class='ocrx_word' id='word_1_337' title='bbox 909 4287 960 4341; x_wconf 86' lang='lat' dir='ltr'>aut</span> <span class='ocrx_word' id='word_1_338' title='bbox 977 4276 1154 4362; x_wconf 91' lang='lat' dir='ltr'>impugnari</span> <span class='ocrx_word' id='word_1_339' title='bbox 1180 4299 1246 4344; x_wconf 88' lang='lat' dir='ltr'>non</span> <span class='ocrx_word' id='word_1_340' title='bbox 1270 4299 1414 4365; x_wconf 90' lang='lat' dir='ltr'>possent,</span> <span class='ocrx_word' id='word_1_341' title='bbox 1439 4303 1513 4347; x_wconf 91' lang='lat' dir='ltr'>cum</span> <span class='ocrx_word' id='word_1_342' title='bbox 1538 4281 1725 4368; x_wconf 89' lang='lat' dir='ltr'>plenissima</span> 
     </span>
     <span class='ocr_line' id='line_1_39' title="bbox 344 4377 1725 4470; baseline 0.006 -22"><span class='ocrx_word' id='word_1_343' title='bbox 344 4403 456 4448; x_wconf 88' lang='lat' dir='ltr'>causae</span> <span class='ocrx_word' id='word_1_344' title='bbox 485 4381 686 4468; x_wconf 91' lang='lat' dir='ltr'>cognitione,</span> <span class='ocrx_word' id='word_1_345' title='bbox 715 4377 755 4446; x_wconf 92' lang='lat' dir='ltr'>de</span> <span class='ocrx_word' id='word_1_346' title='bbox 784 4400 845 4466; x_wconf 90' lang='lat' dir='ltr'>qua</span> <span class='ocrx_word' id='word_1_347' title='bbox 872 4379 1022 4446; x_wconf 91' lang='lat' dir='ltr'>nolumus</span> <span class='ocrx_word' id='word_1_348' title='bbox 1045 4381 1255 4468; x_wconf 90' lang='lat' dir='ltr'>imposterum</span> <span class='ocrx_word' id='word_1_349' title='bbox 1281 4384 1397 4470; x_wconf 90' lang='lat' dir='ltr'>ambigi</span> <span class='ocrx_word' id='word_1_350' title='bbox 1422 4398 1477 4454; x_wconf 91' lang='lat' dir='ltr'>aut</span> <span class='ocrx_word' id='word_1_351' title='bbox 1500 4385 1655 4469; x_wconf 87' lang='lat' dir='ltr'>dubitari,</span> <span class='ocrx_word' id='word_1_352' title='bbox 1686 4413 1725 4456; x_wconf 91' lang='lat' dir='ltr'>ex</span> 
     </span>
     <span class='ocr_line' id='line_1_40' title="bbox 343 4492 1725 4575; baseline 0.005 -20"><span class='ocrx_word' id='word_1_353' title='bbox 343 4499 419 4555; x_wconf 92' lang='lat' dir='ltr'>tunc</span> <span class='ocrx_word' id='word_1_354' title='bbox 443 4499 537 4574; x_wconf 88' lang='lat' dir='ltr'>prout</span> <span class='ocrx_word' id='word_1_355' title='bbox 560 4509 598 4553; x_wconf 86' lang='lat' dir='ltr'>ex</span> <span class='ocrx_word' id='word_1_356' title='bbox 624 4507 707 4551; x_wconf 93' lang='lat' dir='ltr'>nunc</span> <span class='ocrx_word' id='word_1_357' title='bbox 731 4495 762 4551; x_wconf 89' lang='lat' dir='ltr'>et</span> <span class='ocrx_word' id='word_1_358' title='bbox 786 4507 823 4550; x_wconf 89' lang='lat' dir='ltr'>ex</span> <span class='ocrx_word' id='word_1_359' title='bbox 847 4507 931 4550; x_wconf 91' lang='lat' dir='ltr'>nunc</span> <span class='ocrx_word' id='word_1_360' title='bbox 954 4497 1048 4572; x_wconf 88' lang='lat' dir='ltr'>prout</span> <span class='ocrx_word' id='word_1_361' title='bbox 1072 4507 1208 4555; x_wconf 89' lang='lat' dir='ltr'>extunc</span> <span class='ocrx_word' id='word_1_362' title='bbox 1232 4493 1493 4575; x_wconf 91' lang='lat' dir='ltr'>pronunciamus,</span> <span class='ocrx_word' id='word_1_363' title='bbox 1518 4492 1725 4562; x_wconf 89' lang='lat' dir='ltr'>decernimus</span> 
     </span>
     <span class='ocr_line' id='line_1_41' title="bbox 345 4587 1724 4682; baseline 0.007 -24"><span class='ocrx_word' id='word_1_364' title='bbox 345 4605 376 4659; x_wconf 89' lang='lat' dir='ltr'>et</span> <span class='ocrx_word' id='word_1_365' title='bbox 408 4590 601 4660; x_wconf 90' lang='lat' dir='ltr'>declaramus</span> <span class='ocrx_word' id='word_1_366' title='bbox 633 4613 670 4656; x_wconf 90' lang='lat' dir='ltr'>ac</span> <span class='ocrx_word' id='word_1_367' title='bbox 702 4587 759 4655; x_wconf 90' lang='lat' dir='ltr'>illis</span> <span class='ocrx_word' id='word_1_368' title='bbox 792 4588 941 4656; x_wconf 89' lang='lat' dir='ltr'>omnibus</span> <span class='ocrx_word' id='word_1_369' title='bbox 973 4602 1004 4658; x_wconf 91' lang='lat' dir='ltr'>et</span> <span class='ocrx_word' id='word_1_370' title='bbox 1036 4592 1165 4679; x_wconf 90' lang='lat' dir='ltr'>singulis</span> <span class='ocrx_word' id='word_1_371' title='bbox 1199 4595 1391 4679; x_wconf 90' lang='lat' dir='ltr'>canonibus,</span> <span class='ocrx_word' id='word_1_372' title='bbox 1424 4599 1724 4682; x_wconf 90' lang='lat' dir='ltr'>constitutionibus,</span> 
     </span>
     <span class='ocr_line' id='line_1_42' title="bbox 344 4693 1725 4793; baseline 0.007 -30"><span class='ocrx_word' id='word_1_373' title='bbox 344 4695 596 4764; x_wconf 90' lang='lat' dir='ltr'>ordinationibus</span> <span class='ocrx_word' id='word_1_374' title='bbox 628 4707 658 4763; x_wconf 92' lang='lat' dir='ltr'>et</span> <span class='ocrx_word' id='word_1_375' title='bbox 688 4695 810 4761; x_wconf 90' lang='lat' dir='ltr'>statutis</span> <span class='ocrx_word' id='word_1_376' title='bbox 838 4693 1017 4779; x_wconf 89' lang='lat' dir='ltr'>antedictis,</span> <span class='ocrx_word' id='word_1_377' title='bbox 1046 4719 1125 4785; x_wconf 92' lang='lat' dir='ltr'>quae</span> <span class='ocrx_word' id='word_1_378' title='bbox 1156 4698 1206 4766; x_wconf 91' lang='lat' dir='ltr'>hic</span> <span class='ocrx_word' id='word_1_379' title='bbox 1234 4721 1292 4786; x_wconf 92' lang='lat' dir='ltr'>pro</span> <span class='ocrx_word' id='word_1_380' title='bbox 1321 4703 1495 4770; x_wconf 89' lang='lat' dir='ltr'>nominatis</span> <span class='ocrx_word' id='word_1_381' title='bbox 1525 4719 1725 4793; x_wconf 89' lang='lat' dir='ltr'>reputamus,</span> 
     </span>
     <span class='ocr_line' id='line_1_43' title="bbox 1169 4831 1657 4882; baseline 0 0"><span class='ocrx_word' id='word_1_382' title='bbox 1169 4831 1178 4863; x_wconf 77' lang='lat'><strong><em>⁹</em></strong></span> <span class='ocrx_word' id='word_1_383' title='bbox 1628 4837 1657 4882; x_wconf 63' lang='lat' dir='ltr'>a</span> 
     </span>
     <span class='ocr_line' id='line_1_44' title="bbox 452 4913 1661 4994; baseline 0.001 -18"><span class='ocrx_word' id='word_1_384' title='bbox 452 4931 459 4962; x_wconf 91' lang='lat'><strong>¹</strong></span> <span class='ocrx_word' id='word_1_385' title='bbox 478 4922 528 4976; x_wconf 88' lang='lat' dir='ltr'>Ms.</span> <span class='ocrx_word' id='word_1_386' title='bbox 547 4921 686 4994; x_wconf 83' lang='lat' dir='ltr'>jedenfalls</span> <span class='ocrx_word' id='word_1_387' title='bbox 706 4921 892 4976; x_wconf 82' lang='lat' dir='ltr'>verschrieben</span> <span class='ocrx_word' id='word_1_388' title='bbox 912 4925 1057 4994; x_wconf 86' lang='lat' dir='ltr'>extinguas.</span> <span class='ocrx_word' id='word_1_389' title='bbox 1654 4913 1661 4929; x_wconf 84' lang='grc'><strong>“</strong></span> 
     </span>
    </p>
   </div>
   <div class='ocr_carea' id='block_1_3' title="bbox 0 0 1913 5524">
    <p class='ocr_par' dir='ltr' id='par_1_3' title="bbox 0 0 1913 5524">
     <span class='ocr_line' id='line_1_45' title="bbox 0 0 1913 5524; baseline 0 0"><span class='ocrx_word' id='word_1_390' title='bbox 0 0 1913 5524; x_wconf 95' lang='lat' dir='ltr'> </span> 
     </span>
    </p>
   </div>
  </div>
 </body>
</html>
