3850 5534
206 391 275 447 1527
294 375 453 432 Dezember.
1536 361 1574 424 ll

202 537 283 604 Non
306 537 405 619 enirn,
429 535 473 603 fili
496 547 620 618 noster,
650 534 742 602 nobis
770 535 879 622 ignota
907 544 981 600 sunt
1002 545 1055 600 aut
1077 555 1217 623 unquam
1242 530 1455 601 obliviscenda
1483 555 1575 602 erunt

202 643 297 710 Tuae
321 642 625 731 Circumspectionis
649 642 759 709 itinera
782 653 813 708 et
828 641 961 728 insorpti
977 662 1034 728 per
1049 662 1109 706 nos
1125 639 1258 721 labores,
1281 651 1316 707 ut
1338 658 1461 728 praeter
1483 653 1575 709 tuum

203 750 300 816 etiam
319 749 624 818 Christianissimum
648 749 840 816 Francorum
865 769 974 835 regern
999 745 1038 813 ad
1062 768 1122 812 nos
1146 769 1213 813 non
1237 744 1339 813 solum
1365 746 1575 834 legationibus

204 867 236 923 et
260 856 390 938 nuntiis,
414 854 470 922 sed
493 857 524 923 vi
548 866 579 922 et
602 855 696 921 armis
718 852 898 922 liberandos
921 875 1144 941 promoveres;
1169 875 1205 920 ex
1230 851 1342 942 quibus
1366 852 1440 920 illud
1463 865 1574 941 postea

203 961 410 1028 subsecutum
434 973 496 1044 est,
525 972 559 1028 ut
587 959 636 1027 illa
664 962 730 1049 ipsa
753 982 840 1026 arma
869 971 958 1026 tanto
987 957 1093 1025 studio
1124 970 1303 1040 commota,
1333 961 1390 1026 etsi
1419 982 1478 1026 nos
1507 983 1575 1027 non

203 1067 415 1149 liberaverint,
440 1064 527 1158 quod
543 1086 574 1134 et
589 1063 772 1155 perdifficile
792 1064 875 1133 factu
891 1064 1001 1147 fuerat,
1017 1077 1125 1132 tamen
1142 1063 1180 1131 ad
1197 1063 1416 1132 liberationem
1432 1085 1574 1132 nostram

202 1196 273 1240 non
303 1197 436 1261 parvum
467 1171 652 1262 profuerint.
705 1173 840 1260 Agimus
869 1173 964 1259 igitur
988 1182 1021 1238 et
1050 1171 1101 1241 isti
1124 1170 1336 1238 Serenissimo
1363 1183 1420 1238 tuo
1448 1173 1516 1260 regi
1545 1191 1576 1240 et

202 1279 295 1347 Tuae
319 1302 447 1369 quoque
472 1279 759 1367 Circumspectioni
783 1279 935 1345 maximas
959 1300 1035 1367 quas
1063 1301 1231 1364 possumus
1256 1279 1370 1366 gratias
1391 1279 1576 1369 utinamque

201 1383 319 1453 referre
350 1384 518 1475 aliquando
546 1409 580 1451 re
601 1382 770 1452 valeamus.
821 1385 1037 1472 Agnoscimus
1067 1384 1153 1451 enirn
1182 1383 1259 1452 haec
1282 1385 1348 1472 ipsa
1375 1385 1453 1452 tanti
1480 1383 1575 1452 fuisse

201 1513 239 1558 ac
262 1489 402 1572 fore,'ut
423 1513 491 1558 non
515 1503 634 1572 nostra,
658 1488 716 1558 sed
739 1488 843 1558 divina
866 1501 990 1558 tantum
1007 1488 1198 1577 gratitudine
1221 1488 1352 1580 rependi
1376 1491 1508 1578 possint.
1546 1492 1575 1558 A

201 1609 234 1664 te
258 1620 337 1664 vero
360 1595 404 1664 fili
426 1599 545 1666 scimus
568 1597 678 1664 omnia
706 1607 796 1664 tanto
821 1618 890 1662 esse
914 1607 1038 1683 peracta
1063 1595 1169 1664 studio
1193 1620 1228 1664 ac
1251 1599 1381 1685 pietate,
1410 1609 1444 1665 ut
1467 1620 1576 1688 quam-

201 1725 300 1792 quam
323 1714 355 1771 te
372 1702 410 1770 ad
433 1703 466 1770 id
487 1714 542 1771 tua
556 1725 684 1793 quoque
700 1700 859 1790 impulerit
876 1699 1021 1789 dignitas,
1045 1714 1152 1770 umen
1169 1725 1229 1769 nos
1247 1725 1396 1770 unacum
1414 1703 1472 1771 hac
1488 1703 1575 1787 sede,

202 1811 255 1876 cui
278 1807 428 1897 singulari
452 1808 608 1896 praesidio
638 1820 669 1876 et
692 1811 785 1896 saepe
809 1827 901 1876 antea
919 1820 951 1876 et
974 1830 1060 1876 nunc
1083 1809 1220 1876 maxime
1248 1806 1344 1891 fuisti,
1367 1831 1426 1897 pro
1449 1831 1483 1876 re
1507 1833 1575 1877 non

200 1926 368 2004 tamquam
391 1925 457 1982 ate
481 1912 584 1982 debita
607 1912 662 1982 tibi
685 1931 840 2002 perpetuo
857 1912 990 1982 debituri
1014 1914 1122 1980 simus.
1169 1912 1231 1980 Sed
1256 1914 1332 1982 haec
1357 1915 1464 1982 omnia
1483 1915 1576 1984 latius

201 2019 470 2110 conditionesque
494 2019 598 2103 simul,
622 2042 697 2109 quas
722 2017 875 2086 subiimus
898 2021 1199 2109 necessitatemque,
1223 2043 1284 2109 qua
1307 2021 1339 2087 in
1362 2020 1395 2088 id
1419 2021 1576 2109 compulsi

200 2128 314 2208 simus,
337 2124 423 2194 idem
444 2127 573 2194 nuntius
588 2137 698 2194 noster
719 2125 810 2194 Tuae
828 2125 1115 2214 Circumspectioni
1136 2126 1310 2214 explicabit.
1354 2126 1480 2210 Quibus
1502 2151 1519 2194 a
1543 2139 1575 2196 te

200 2231 371 2300 intellectis
394 2244 426 2301 et
447 2230 674 2300 animadversis
701 2255 769 2299 non
794 2231 988 2315 dubitamus,
1017 2233 1140 2320 optimo
1171 2243 1203 2300 te
1226 2235 1335 2300 animo
1364 2246 1396 2303 et
1423 2234 1519 2302 solito
1543 2235 1576 2301 in

201 2360 267 2405 nos
289 2361 399 2406 amore
422 2339 499 2407 haec
515 2361 582 2406 non
598 2337 699 2406 modo
715 2351 946 2425 suscepturum,
968 2337 1024 2406 sed
1041 2349 1221 2406 curaturum
1244 2340 1338 2407 etiam
1356 2339 1438 2430 apud
1456 2351 1576 2408 utrum·

202 2469 267 2536 que
290 2445 417 2513 illorum
441 2467 569 2534 regum,
597 2456 632 2513 ut
663 2446 740 2513 haec
769 2456 835 2512 tam
859 2443 912 2513 diu
935 2445 1066 2513 tolerata
1089 2457 1121 2514 et
1143 2447 1331 2514 necessitate
1359 2446 1491 2515 anobis
1523 2471 1576 2515 ex·

202 2562 305 2634 torta,
334 2575 408 2620 cum
432 2553 542 2619 omnia
564 2562 672 2619 nostra
696 2549 735 2618 ad
764 2552 886 2618 ruinam
911 2574 1040 2640 prorsus
1063 2551 1307 2634 collaberentur,
1336 2576 1404 2620 non
1427 2555 1487 2620 nisi
1510 2576 1575 2643 quo

202 2681 221 2724 a
245 2656 339 2725 nobis
362 2676 451 2746 gesta
474 2669 548 2726 sunt
571 2659 679 2724 animo
703 2668 736 2725 et
750 2679 861 2725 amore
883 2659 1062 2745 suscipiant.
1103 2658 1181 2725 Non
1199 2659 1285 2725 enim
1301 2657 1483 2741 diffidimus,
1500 2658 1575 2727 illud

202 2765 301 2832 etiam
324 2761 475 2845 futurum,
498 2761 587 2852 quod
610 2765 642 2830 in
666 2775 793 2831 nostrae
817 2762 1009 2830 liberationis
1033 2762 1240 2832 conclusione
1268 2766 1406 2836 maxime
1430 2762 1577 2833 conside-

203 2871 359 2952 ravimus,
392 2881 427 2937 ut
457 2892 515 2958 per
545 2869 607 2936 Dei
640 2867 842 2936 clementiam
872 2886 924 2936 tua
955 2870 1120 2958 praecipue
1151 2892 1248 2958 opera
1278 2893 1337 2936 nos
1368 2869 1576 2938 coadiuvante

202 2993 333 3044 sanctae
356 2975 430 3043 Sedi
453 2975 658 3063 Apostolicae
681 2999 717 3042 ac
740 2977 853 3044 ceteris
880 2999 947 3043 rem
977 2993 1008 3043 et
1036 2974 1222 3064 dignitatem
1249 2999 1424 3064 pacemque
1452 2977 1577 3044 univer·

203 3081 305 3150 salem
339 3080 438 3150 fessae
474 3082 690 3150 christianitati
725 3081 901 3150 restitutam
936 3079 1108 3150 videamus.
1163 3080 1265 3163 Quod
1296 3080 1425 3172 quidem
1457 3083 1483 3150 si
1515 3083 1577 3150 Dei

203 3187 331 3256 bonitas
354 3187 447 3256 nobis
469 3186 638 3277 aliquando
660 3188 873 3270 concesserit,
902 3199 969 3256 tum
994 3188 1044 3255 illa
1070 3211 1150 3276 quae
1173 3187 1357 3275 pertulimus
1381 3186 1461 3255 mala
1484 3187 1577 3256 nobis

202 3293 326 3362 leviora
348 3311 400 3362 aut
428 3293 512 3362 nulla
539 3295 645 3382 potius
672 3293 768 3361 fuisse
791 3293 988 3362 videbuntur.
1034 3294 1144 3383 Itaque
1171 3295 1204 3360 in
1232 3293 1314 3360 hanc
1336 3305 1368 3361 te
1397 3292 1440 3361 fili
1469 3318 1576 3362 curam

203 3413 260 3470 tua
282 3423 419 3488 persona
442 3411 474 3468 et
496 3399 649 3489 dignitate
677 3412 771 3490 atque
793 3401 852 3468 ista
873 3411 960 3468 tanta
982 3401 1167 3468 auctoritate
1197 3411 1228 3468 et
1250 3401 1350 3486 gratia
1372 3398 1501 3486 dignam
1523 3399 1577 3467 ad·

202 3529 375 3588 vocamus,
399 3519 434 3574 ut
457 3505 587 3574 consilia
612 3529 725 3574 eorum
747 3529 876 3593 regum,
900 3528 980 3595 quae
1003 3508 1053 3594 pia
1076 3524 1108 3573 et
1130 3518 1217 3575 recta
1238 3528 1295 3594 per
1318 3529 1352 3572 se
1374 3503 1477 3574 futura
1500 3527 1576 3572 con·

203 3611 345 3694 fidimus,
369 3615 401 3679 in
425 3612 489 3680 hoc
512 3610 632 3680 bonum
657 3611 840 3682 universalis
863 3613 947 3700 pacis
970 3609 1294 3702 redintegrandaeque
1319 3613 1466 3680 omniurn
1488 3633 1576 3700 prae·

204 3721 361 3808 cipueque
377 3717 582 3806 Apostolicae
599 3716 700 3801 Sedis,
718 3719 805 3786 cuius
820 3717 957 3787 tuendae
974 3741 1055 3786 onus
1072 3717 1238 3786 nobiscum
1255 3718 1311 3786 tibi
1328 3741 1501 3786 commune
1517 3723 1575 3799 est,

203 3826 250 3894 rei
281 3835 314 3892 et
340 3822 501 3912 dignitatis
530 3824 694 3892 traducere
722 3823 807 3894 velis.
854 3825 933 3906 Quo
961 3823 1089 3914 quidem
1118 3847 1216 3912 opere
1244 3823 1366 3892 nullum
1396 3843 1448 3892 aut
1475 3824 1576 3891 maius

203 3949 259 4000 aut
282 3929 452 4020 gloriosius
475 3949 528 3998 aut
544 3930 617 3997 Deo
640 3932 758 4019 gratius
781 3942 852 3998 ate
876 3931 1049 4017 excogitari
1072 3941 1187 4017 potest.
1227 3929 1315 3998 Sicut
1333 3929 1475 3997 diffusius
1490 3928 1574 3996 idem

203 4039 337 4106 nuntius
354 4048 464 4105 noster
478 4035 557 4104 haec
576 4060 654 4104 mox
672 4047 888 4125 persequetur,
906 4037 955 4103 cui
971 4034 1043 4104 Tua
1059 4036 1312 4125 Circumspectio
1329 4035 1456 4103 solitam
1479 4033 1576 4103 fidem

202 4142 341 4214 habebit.

309 4266 428 4333 Datum
468 4267 499 4332 in
539 4265 664 4332 civitate
702 4277 811 4333 nostra
848 4264 1047 4333 Urbevetana
1082 4264 1133 4332 die
1176 4287 1224 4352 14.
1263 4263 1449 4333 Decembris
1493 4285 1575 4354 1527

202 4393 293 4440 anno
317 4371 440 4460 quinto.

1336 4476 1469 4544 Blosius

418 4633 498 4690 Arch.
522 4635 609 4690 Vatic.
632 4635 649 4690 l.
674 4654 695 4689 c.
721 4655 746 4690 n.
773 4637 830 4708 363.
871 4637 921 4690 Ein
949 4635 1049 4691 ldeiner
1074 4635 1135 4690 Teil
1162 4653 1204 4690 am
1229 4635 1354 4690 Schlusse
1381 4636 1424 4690 bei
1447 4637 1576 4710 Raynald,

312 4721 329 4777 l.
355 4739 377 4778 c.
400 4740 426 4778 n.
453 4739 492 4792 5¹·
529 4723 611 4778 Grata
635 4732 697 4778 statt
720 4725 818 4796 gratia,
842 4726 918 4781 nobis
942 4743 972 4779 ac
996 4725 1043 4778 tibi
1065 4732 1127 4778 statt
1150 4725 1290 4812 nobiscum
1315 4725 1369 4780 tibi.
1411 4725 1466 4780 Das
1485 4725 1576 4781 Ganze

311 4811 355 4864 bei
373 4811 494 4880 Pocock,
519 4811 536 4868 l.
556 4830 578 4869 c.
597 4812 617 4868 1.
638 4831 662 4884 p.
684 4829 724 4884 13,
743 4813 805 4868 aber
823 4813 962 4868 mehrfach
981 4813 1143 4881 verdorben,
1169 4813 1201 4867 da
1225 4812 1271 4868 das
1290 4812 1411 4888 Original
1435 4813 1506 4870 starlr
1530 4816 1576 4873 be-

312 4900 434 4973 schidigt
451 4919 515 4956 war.
