3782 5532
207 343 282 408 v1528
304 336 431 395 Oktober.
1541 327 1581 390 51

211 500 316 566 scrive
339 499 398 566 che
421 499 442 565 il
460 500 555 568 Rmo.
574 498 729 567 Generale
752 512 837 568 stava
862 522 917 587 per
934 521 1019 566 esser
1042 498 1190 587 expedito
1214 499 1311 566 aSua
1328 499 1447 566 Santitd
1471 510 1502 565 et
1526 498 1584 565 che

210 604 364 692 expedito
388 604 564 687 chefosse,
588 603 649 693 egli
672 605 801 673 sarebbe
825 604 972 692 expedito
996 606 1028 672 in
1052 608 1122 694 qut.
1164 606 1201 673 Et
1226 607 1292 673 cosi
1316 605 1382 672 sarh
1407 604 1487 672 nella
1510 627 1585 672 cosa

212 709 245 776 di
271 711 443 780 »Ravenna
466 723 498 778 et
521 711 659 778 Cervia«
686 730 717 778 et
745 713 776 778 in
801 710 900 800 quella
930 709 961 777 di
987 710 1139 779 »Scotiau
1166 711 1309 778 secondo
1337 711 1358 778 li
1382 710 1586 778 commanda-

212 818 315 883 menti
347 815 379 882 di
409 816 470 883 Sua
500 815 712 900 Beatitudine‚
746 837 777 885 et
809 841 866 906 per
896 815 924 884 le
957 817 1058 904 prime
1090 818 1228 885 scriverd
1261 819 1316 905 poi
1347 818 1586 903 copiosamente

212 921 245 988 di
269 933 364 990 tutio.

321 1045 440 1132 Signor
455 1047 533 1126 mio,
559 1065 689 1134 »questa
712 1049 820 1113 cosae
841 1045 874 1112 in
897 1047 1033 1114 termine
1056 1043 1165 1112 ch’ella
1189 1068 1256 1112 non
1272 1047 1297 1111 si
1320 1046 1385 1132 pud
1401 1046 1454 1133 pid
1477 1057 1586 1112 tenere

212 1154 247 1218 in
271 1149 367 1233 collo,
391 1153 433 1218 ne
457 1153 474 1216 e
498 1151 647 1238 bisogno,
675 1151 785 1218 ch'ella
808 1153 834 1219 si
857 1151 930 1219 lasci
954 1174 1047 1240 sopra
1071 1150 1102 1218 di
1125 1174 1189 1233 me,
1216 1150 1332 1239 perche
1355 1151 1376 1217 il
1399 1173 1448 1232 re,
1472 1149 1587 1218 Ebora-

213 1281 311 1325 cense
335 1269 368 1324 et
390 1268 473 1324 tutto
497 1256 518 1323 il
541 1280 642 1344 regno
667 1258 695 1324 ci
718 1257 825 1324 hanno
849 1275 939 1325 tanto
956 1258 1118 1342 interesse,
1143 1257 1202 1325 che
1218 1281 1285 1324 non
1309 1279 1392 1324 sono
1416 1279 1471 1344 per
1487 1269 1589 1344 aspet-

212 1383 282 1431 tare
305 1382 422 1452 troppo
446 1363 508 1450 pid.
555 1363 594 1430 Et
616 1363 657 1429 V.
675 1363 705 1430 S.
731 1363 775 1429 mi
798 1361 891 1430 creda
914 1375 1032 1451 quanto
1056 1365 1192 1431 scrivo«.
1238 1364 1320 1430 Perh
1342 1362 1371 1430 la
1393 1383 1504 1451 prego,
1530 1363 1588 1430 che

213 1470 242 1537 la
271 1469 426 1550 »solliciti
450 1468 509 1536 che
532 1470 558 1534 si
580 1469 731 1556 risponda
755 1491 816 1536 con
840 1468 972 1558 qualche
995 1470 1182 1537 risolutione
1202 1491 1256 1536 oa
1279 1487 1410 1537 costoro
1433 1492 1455 1535 o
1471 1468 1500 1534 al
1522 1491 1588 1534 uno

214 1587 248 1642 et
271 1574 299 1642 al
322 1573 414 1656 altro,
438 1586 470 1641 et
492 1574 520 1642 la
542 1575 677 1663 risposta
700 1598 802 1663 venga
826 1576 858 1642 in
875 1574 1036 1663 diligentia
1060 1587 1091 1644 et
1115 1575 1299 1664 dupplicata.
1338 1575 1376 1642 Et
1398 1573 1515 1663 perche
1538 1576 1589 1662 gu

212 1679 416 1748 Eboracense
440 1679 634 1748 vedendomi
661 1699 751 1748 tanto
779 1679 882 1748 fermo
911 1693 943 1748 et
971 1677 1060 1748 caldo
1089 1683 1120 1749 in
1149 1679 1352 1770 persuadere,
1381 1680 1440 1747 che
1469 1703 1536 1746 non
1564 1681 1590 1747 si

213 1786 296 1852 renti
318 1797 429 1874 questa
452 1787 501 1852 via
525 1785 556 1852 di
579 1788 786 1874 separatione,
809 1783 956 1854 havendo
979 1787 1087 1855 havuti
1103 1785 1254 1875 Spagnoii
1277 1785 1329 1853 nel
1352 1807 1454 1873 regno
1478 1785 1499 1851 it
1521 1808 1590 1852 suc-

215 1914 308 1958 cesso
332 1891 392 1959 che
420 1892 446 1958 si
469 1891 585 1975 scrive,
610 1896 627 1960 e
650 1911 770 1961 venuto
798 1894 830 1960 in
855 1894 1046 1982 suspicione,
1075 1892 1133 1959 che
1156 1915 1212 1981 per
1235 1893 1361 1959 camino
1389 1915 1457 1958 non
1481 1890 1591 1958 habbia

215 1997 332 2064 havute
361 2020 468 2066 nuove
497 1999 718 2066 commissioni
747 1998 965 2067 d’intrattener
993 1999 1022 2066 la
1050 2021 1161 2080 cosa«,
1190 2011 1221 2066 et
1253 1997 1373 2065 hammi
1401 1997 1501 2080 detto,
1531 1998 1590 2065 che

218 2125 290 2170 ures
313 2103 429 2186 Italiae,
454 2106 548 2172 etiam
573 2107 716 2193 quamvis
734 2129 751 2172 a
768 2104 908 2173 discessu
932 2128 1006 2172 meo
1034 2105 1096 2171 siut
1120 2106 1272 2186 inversae,
1296 2127 1363 2170 non
1387 2123 1493 2171 tamen
1517 2115 1591 2170 sunt

216 2231 380 2291 eversae«,
404 2221 436 2277 et
458 2209 607 2277 bench'io
632 2233 695 2277 con
711 2212 788 2298 ogni
813 2209 949 2278 efficacia
973 2209 993 2277 li
1017 2209 1109 2277 habbi
1131 2221 1246 2278 testato
1269 2211 1301 2276 in
1319 2211 1489 2293 contrario,
1512 2231 1589 2296 pure

215 2337 285 2381 non
309 2337 347 2380 so
372 2337 467 2382 corne
497 2338 560 2382 con
593 2327 727 2404 »questa
750 2315 861 2384 ombra
891 2317 917 2383 si
939 2328 1098 2405 potranno
1129 2339 1260 2384 menore
1283 2339 1300 2382 a
1323 2315 1433 2403 lung0,
1465 2327 1496 2382 et
1518 2314 1590 2403 quel

215 2420 278 2487 che
300 2443 514 2508 penserann0,
538 2422 616 2510 perh
642 2425 659 2488 ὲ
683 2420 722 2489 da
745 2422 935 2490 risolversi«.

321 2545 359 2612 Io
383 2557 575 2634 conquesto
598 2545 751 2634 travaglio
775 2545 827 2613 nel
850 2547 958 2612 animo
983 2557 1014 2614 et
1035 2568 1098 2613 con
1121 2545 1149 2612 la
1172 2543 1426 2633 indispositione,
1450 2545 1483 2611 in
1506 2544 1589 2611 ch’io

214 2652 263 2716 mi
285 2661 392 2732 trovo,
422 2673 505 2718 sono
529 2674 546 2718 a
573 2650 634 2719 tale
663 2652 722 2719 che
749 2651 834 2718 s'ella
862 2651 883 2718 il
910 2675 1051 2740 sapesse,
1079 2654 1124 2719 mi
1153 2649 1327 2719 haverebbe
1356 2651 1589 2737 compassione,

214 2758 295 2844 pero
320 2754 351 2822 di
375 2779 485 2823 nuovo
510 2755 542 2822 di
565 2775 679 2844 questo
703 2757 732 2824 la
754 2758 865 2846 priego
890 2770 921 2825 et
944 2759 1093 2846 ripriego

324 2878 448 2960 Questa
471 2890 563 2967 posta
585 2881 611 2946 si
635 2878 801 2968 expedisce
825 2903 881 2968 per
904 2880 932 2948 la
956 2880 1060 2948 chiesa
1083 2881 1296 2948 Vintoniense
1323 2881 1356 2946 in
1379 2902 1516 2967 persona
1540 2879 1590 2947 del

213 2985 314 3052 Rmo.
339 2983 548 3068 Eboraceuse,
573 2997 605 3053 et
627 3008 684 3073 per
706 2983 727 3052 li
749 2987 869 3068 meriti,
894 2985 952 3054 che
975 2986 1015 3053 ha
1037 2986 1069 3053 S.
1094 2987 1125 3053 S.
1149 2987 1240 3055 Rma.
1265 2986 1317 3054 col
1339 3009 1428 3053 sacro
1452 2983 1589 3074 collegio

214 3102 247 3158 et
271 3089 355 3158 Sede
379 3090 579 3178 Apostolica,
602 3092 634 3157 in
657 3091 686 3159 la
710 3091 912 3180 expeditione
935 3089 964 3158 la
986 3090 1232 3159 raccornmando
1257 3115 1274 3158 a
1297 3092 1358 3158 Sua
1382 3090 1588 3159 Beatitudine.

324 3213 465 3296 Quando
495 3215 527 3280 io
550 3216 668 3302 partiva
692 3214 723 3282 di
746 3217 849 3297 costa,
873 3215 915 3282 N.
940 3215 1075 3302 Signore
1103 3216 1148 3281 mi
1175 3238 1355 3302 promesse,
1385 3215 1494 3282 chela
1516 3238 1589 3303 pro·

213 3319 320 3388 vision
350 3320 413 3386 mia
443 3317 523 3387 della
553 3325 739 3408 segnatura¹
766 3321 811 3388 mi
842 3319 971 3388 sarebbe
998 3331 1123 3408 pagata,
1152 3340 1183 3388 et
1210 3321 1326 3408 perche
1354 3342 1448 3408 sopra
1476 3333 1588 3408 questo

213 3425 351 3514 disegno
375 3425 521 3513 providdi
541 3427 618 3494 certi
641 3427 716 3494 miei
739 3425 834 3494 debiti
859 3438 890 3494 et
912 3425 1038 3513 bisogni
1062 3428 1159 3508 costa,
1181 3428 1260 3514 perd
1283 3449 1385 3514 prego
1405 3427 1445 3492 V.
1463 3426 1506 3508 S,
1530 3425 1588 3492 che

214 3531 307 3619 operi
331 3555 393 3598 con
411 3531 473 3599 Sua
490 3532 619 3615 santia,
644 3531 701 3600 che
725 3531 803 3602 detti
827 3530 932 3600 danari
956 3533 1046 3598 siano
1069 3533 1174 3620 pagati
1196 3555 1213 3598 a
1236 3533 1339 3621 questi
1362 3533 1448 3614 miei,
1471 3531 1587 3620 perche

214 3660 257 3704 ne
280 3637 326 3702 ho
348 3635 561 3724 grandissimo
590 3636 727 3725 bisogno
751 3660 807 3726 per
829 3638 859 3705 ie
882 3637 1092 3726 grandissime
1121 3660 1211 3725 spese
1235 3650 1266 3707 et
1290 3660 1368 3726 gran
1392 3637 1506 3724 disagi,
1530 3636 1588 3704 che

213 3743 261 3808 mi
284 3764 367 3808 sono
391 3744 588 3830 sopragiunti
610 3744 643 3811 in
667 3755 780 3833 questo
804 3746 931 3810 camino
955 3756 986 3811 et
1010 3743 1094 3811 ch'io
1117 3743 1161 3811 ho
1185 3745 1445 3813 continuamente
1470 3744 1532 3831 qui.

323 3865 363 3931 Di
387 3863 515 3933 Londra
538 3865 588 3934 alli
616 3888 654 3953 17
678 3865 838 3936 d’ottobre
867 3869 958 3951 1528.

872 4115 937 4199 30.

323 4269 487 4344 Fortsetzung
509 4272 552 4327 des
573 4272 699 4328 Berichtcs
722 4290 768 4327 aiis
786 4272 902 4326 London.
941 4273 1110 4328 Nochricbten
1133 4275 1193 4326 ather
1214 4273 1263 4327 den
1287 4273 1379 4326 Kaiser
1402 4291 1448 4326 aus
1468 4272 1586 4344 Spanien.

220 4359 330 4431 Wolseys
349 4359 413 4414 Plan
436 4362 507 4414 einer
523 4362 627 4432 grosseti
647 4361 780 4415 Koaliti'on
804 4361 925 4428 (wischen
944 4361 1079 4433 Englund,
1097 4361 1254 4416 Frankrei'ch
1277 4361 1330 4413 und
1348 4361 1396 4412 den
1415 4360 1587 4414 italienischen

216 4447 335 4500 Mdcbten
350 4467 433 4520 gegen
452 4449 501 4502 den
520 4449 620 4503 Kaisar.

322 4589 398 4656 Non
422 4591 448 4656 si
478 4591 617 4658 essendo
649 4591 796 4680 expedito
820 4590 909 4675 hieri,
940 4591 998 4659 che
1026 4592 1058 4659 fu
1082 4591 1132 4659 alli
1154 4592 1272 4673 XVIII,
1296 4601 1408 4678 questo
1436 4591 1531 4658 Rn10.
1556 4600 1587 4656 et

217 4693 319 4761 limo.
341 4695 528 4764 ritornando
558 4695 597 4764 da
620 4697 648 4764 la
670 4696 792 4765 Maesti
821 4695 927 4766 deire
955 4697 1007 4765 nel
1033 4720 1139 4786 passar
1162 4697 1243 4765 oltre
1267 4719 1371 4764 venne
1395 4718 1412 4762 a
1435 4696 1586 4762 visitarmi

237 4959 244 4970 ‘
304 4959 310 4971 .
324 4897 334 4927 ¹
351 4889 521 5014 Campeggio
533 4909 590 4946 war
608 4892 658 4974 seit
670 4890 732 4944 dein
744 4890 824 4974 Jahre
840 4903 908 4959 ¹520
925 4890 1032 4945 Prefeka
1046 4891 1093 4945 der
1111 4893 1244 4962 signatura
1257 4890 1371 4945 iustitiae
1390 4907 1422 4942 an
1437 4888 1484 4942 der
1496 4889 1586 4944 Kurie.

217 4957 350 5029 Sigonius,
368 4961 429 5016 Vna
472 4961 648 5034 .Campegii.
685 4961 824 5016 Bononiae
847 4961 907 5029 1581
931 4979 956 5032 p.
976 4973 1018 5031 47.

1429 5067 1452 5110 4.
