3782 5532
229 339 299 409 1528
319 337 485 412 September.
1558 327 1600 390 45

217 499 427 586 'generalibus
451 500 482 567 S.
507 501 551 566 M.
577 502 620 567 mi
645 498 819 582 domandd,
844 523 938 567 come
961 499 1145 588 passarebbe
1168 519 1278 589 questa
1301 524 1393 568 causa
1422 497 1472 567 del
1496 502 1600 568 matri-

227 607 354 672 monio.
400 606 436 672 lo
460 606 506 692 gli
529 609 652 694 risposi,
677 607 761 674 ch'io
786 629 838 673 era
861 629 926 673 uno
956 605 994 673 de
1019 606 1040 673 li
1067 606 1160 673 iudici
1185 604 1343 694 deputati,
1376 619 1406 674 et
1435 605 1506 672 ch’il
1530 630 1601 673 sen-

227 713 365 780 tentiare
395 711 573 799 procedeva
604 713 653 780 dal
682 735 833 800 processo
863 726 894 780 et
922 712 1096 779 secundum
1126 711 1254 798 allegata
1286 724 1316 779 et
1345 711 1489 800 probata3
1522 715 1600 799 pero

227 839 296 882 non
320 817 347 882 si
371 829 487 904 poteva
509 841 625 884 ancora
642 817 817 899 intendere,
842 817 900 884 che
925 817 1120 885 resolutione
1144 816 1228 884 fusse
1245 841 1300 905 per
1324 819 1448 898 havere,
1473 841 1523 884 rna
1541 819 1599 884 che

228 921 261 988 di
284 923 400 990 iustitia
425 947 492 991 non
515 926 540 990 si
564 926 736 1004 mancaria;
761 936 791 992 et
814 922 834 990 li
858 925 1037 1011 soggiunsi:
1071 924 1152 1004 Ben,
1182 924 1240 990 che
1268 946 1309 990 ne
1340 947 1413 1010 pare
1444 924 1600 990 aVostra

227 1027 370 1095 Maestal?
398 1029 437 1096 Et
460 1032 502 1096 mi
528 1031 660 1118 rispose‚
686 1031 744 1097 che
768 1053 835 1098 non
861 1053 913 1097 era
936 1028 1029 1097 dotto
1061 1041 1092 1096 et
1116 1029 1174 1097 che
1197 1031 1230 1095 in
1254 1028 1335 1096 sirnil
1360 1031 1422 1096 casi
1451 1030 1601 1098 usarebbe

228 1133 347 1222 l’opera
372 1132 402 1201 di
427 1135 478 1202 chi
500 1136 682 1204 intendesse
710 1139 762 1225 pih
787 1136 816 1203 di
842 1136 894 1217 lui,
918 1159 970 1202 ma
994 1136 1052 1202 che
1075 1147 1189 1202 teneva
1212 1136 1232 1201 il
1255 1158 1289 1201 re
1312 1159 1371 1202 suo
1400 1134 1521 1202 fratello
1546 1160 1601 1224 per

228 1239 316 1306 savio
341 1252 373 1307 et
389 1241 509 1322 buon0,
534 1255 565 1309 et
581 1243 640 1310 che
664 1242 792 1332 quando
817 1243 880 1330 egli
897 1265 1100 1321 conoscesse,
1127 1241 1185 1308 che
1209 1241 1292 1308 fusse
1316 1265 1371 1308 sua
1388 1241 1517 1329 inoglie,
1541 1243 1600 1308 che

229 1367 298 1412 non
321 1346 535 1415 attentarebbe
564 1348 645 1415 simil
676 1373 750 1416 cosa
758 1376 767 1431 ;
802 1347 929 1437 quando
953 1348 1053 1414 anche
1084 1370 1149 1414 non
1178 1346 1263 1414 fusse
1292 1371 1348 1415 sua
1376 1347 1512 1434 moglie,
1542 1348 1600 1416 che

229 1475 283 1517 era
305 1475 384 1539 gran
407 1476 482 1520 cosa
505 1466 586 1522 stare
610 1457 641 1521 in
659 1466 800 1542 peccat0,
824 1454 907 1522 dove
924 1453 1043 1522 andava
1062 1453 1089 1520 la
1112 1451 1211 1521 salute
1234 1451 1274 1520 de
1290 1453 1426 1520 l'anima.
1473 1453 1511 1522 Et
1532 1477 1600 1541 per-

229 1556 290 1624 che
314 1582 354 1625 ne
378 1558 410 1625 lo
434 1561 531 1628 intrar
562 1585 579 1628 a
602 1561 633 1628 S.
658 1561 703 1627 M.
727 1584 783 1648 per
812 1560 839 1628 la
863 1561 945 1627 calca
969 1559 1008 1627 de
1035 1559 1064 1626 le
1088 1561 1175 1646 genti
1204 1582 1270 1627 non
1294 1561 1384 1647 puoti
1408 1558 1522 1627 havere
1545 1559 1602 1628 alla

229 1687 328 1732 mano
356 1665 377 1732 il
406 1664 502 1733 breve
531 1665 561 1732 di
584 1666 625 1733 N.
654 1666 807 1753 Signore,
836 1666 868 1732 lo
897 1667 1054 1753 presentai
1083 1664 1170 1753 dopo
1198 1677 1282 1732 tutto
1314 1676 1428 1753 questo
1456 1667 1601 1752 ragiona-

229 1783 355 1852 ment0,
380 1790 412 1838 et
434 1770 466 1838 lo
491 1770 581 1854 lesse,
606 1776 646 1839 ne
670 1771 749 1840 altro
773 1773 798 1838 si
822 1770 905 1838 disse
929 1793 992 1840 con
1009 1771 1039 1838 S.
1057 1771 1113 1854 M,
1137 1771 1223 1838 salvo
1248 1771 1307 1838 che
1331 1770 1362 1837 lo
1382 1771 1542 1854 ricerchai,
1566 1796 1601 1839 se

230 1898 283 1942 era
306 1898 363 1963 per
386 1879 500 1964 partire
528 1877 548 1943 il
572 1877 602 1944 dl
631 1897 799 1966 seguente,
823 1879 882 1945 che
907 1881 924 1944 *e
949 1878 1057 1965 hoggi,
1082 1890 1113 1944 et
1134 1875 1352 1965 rispondendo
1377 1876 1436 1944 che
1460 1881 1496 1958 sl,
1519 1881 1602 1966 presi

228 1980 366 2065 licentia,
391 1982 418 2049 la
442 1983 531 2072 quale
556 1986 599 2050 mi
624 1982 709 2051 dettc
734 2007 796 2050 con
821 1983 921 2051 molte
944 1983 1119 2050 amorevoli
1145 1983 1251 2070 parole
1277 1994 1307 2050 et
1332 1981 1455 2064 offerte,
1479 1996 1512 2052 et
1535 1987 1601 2051 cosl

229 2089 264 2153 io
288 2086 401 2154 ultimo
425 2089 499 2156 loco
522 2089 566 2177 gli
589 2089 696 2156 offersi
720 2090 749 2156 la
772 2091 889 2157 servith
912 2091 985 2156 ntia.

336 2212 397 2278 Dal
420 2235 454 2279 re
477 2213 632 2301 partendo
657 2212 829 2280 andammo
853 2213 909 2280 alla
933 2215 1019 2280 reina
1043 2210 1167 2294 madre,
1196 2212 1252 2278 alla
1281 2213 1371 2302 quale
1399 2213 1500 2301 prinra
1532 2237 1601 2301 pre-

228 2329 356 2385 sentato
380 2317 401 2385 il
426 2341 484 2385 suo
506 2317 603 2386 'breve
627 2332 658 2386 et
681 2321 764 2407 posti
795 2343 810 2386 a
839 2318 966 2400 sedere,
994 2330 1068 2407 post
1095 2317 1252 2404 generalia
1279 2318 1307 2384 le
1338 2320 1469 2406 proposi
1497 2317 1518 2384 li
1547 2319 1601 2386 doi

228 2424 323 2511 primi
348 2425 469 2490 articoli
493 2437 640 2512 presente
664 2425 684 2490 il
708 2426 803 2493 Rmo.
828 2425 960 2511 Legat0,
984 2423 1023 2491 de
1047 2424 1075 2490 la
1103 2447 1179 2511 pace
1204 2435 1234 2491 et
1257 2425 1458 2492 restitutione
1487 2425 1517 2492 di
1542 2427 1601 2493 Ra-

229 2553 351 2610 venna,
376 2531 407 2595 in
432 2530 603 2598 substantia
632 2531 703 2619 quel
727 2530 921 2612 medesimo,
954 2529 1037 2596 ch'io
1067 2527 1163 2596 havea
1192 2528 1281 2596 detto
1310 2529 1338 2596 al
1366 2552 1415 2612 re,
1445 2529 1602 2597 facendoli

229 2634 408 2719 intendere,
432 2656 551 2724 quanto
568 2637 631 2703 Sua
646 2637 765 2703 Santita
790 2635 954 2704 confidava
977 2659 1018 2702 ne
1042 2634 1070 2702 la
1085 2634 1182 2702 bonta
1206 2655 1237 2702 et
1254 2637 1387 2702 autoritd
1410 2659 1475 2718 sua,
1498 2636 1601 2704 molto

228 2741 425 2828 pregandola
448 2754 478 2809 et
502 2741 661 2825 instando,
685 2743 744 2810 che
769 2742 849 2809 oltre
873 2742 900 2808 la
923 2740 1029 2808 buona
1052 2753 1161 2809 mente
1190 2739 1240 2808 del
1264 2740 1512 2809 Cristianissirno
1541 2767 1601 2811 suo

229 2847 376 2934 figliuolo
400 2849 491 2914 anch’
516 2849 572 2916 ella
595 2849 720 2916 volesse
743 2850 913 2936 interporsi
943 2871 1000 2936 per
1023 2871 1212 2915 conservare
1236 2859 1266 2915 et
1290 2859 1476 2935 augmentar
1499 2849 1602 2939 quella

230 2966 340 3022 mente
365 2965 397 3021 et
420 2952 530 3020 buono
554 2956 662 3020 animo
686 2978 756 3036 su0,
785 2977 847 3021 con
871 2965 952 3020 tutte
979 2953 1082 3043 quelle
1105 2953 1213 3042 parole
1237 2966 1268 3020 et
1292 2952 1445 3036 efficacia,
1475 2954 1533 3022 che
1557 2957 1602 3022 mi

230 3082 323 3148 parve
350 3058 458 3127 dextra
482 3073 513 3127 et
537 3072 726 3148 opportuna.
773 3061 804 3127 S.
830 3059 873 3126 M.
898 3058 1142 3147 respondendo,
1170 3060 1287 3146 perche
1316 3059 1438 3146 parlava
1461 3059 1602 3130 francese

229 3164 309 3248 fece,
333 3167 419 3234 ch'io
443 3190 484 3233 ne
507 3165 615 3255 perdei
632 3165 731 3233 rnolte
755 3166 872 3253 parole,
892 3167 1030 3254 peronii
1054 3167 1176 3254 riporto
1200 3168 1252 3253 pih
1277 3167 1308 3230 in
1327 3178 1440 3254 questo
1461 3167 1489 3233 al
1507 3168 1601 3235 Rnro.

229 3272 363 3360 Legato,
389 3271 409 3338 il
432 3271 521 3361 quale
546 3295 639 3339 corne
663 3271 779 3360 quello,
804 3272 863 3339 che
888 3272 926 3338 ha
949 3273 1002 3359 piu
1025 3273 1057 3338 in
1081 3273 1196 3358 pratica
1221 3284 1252 3339 et
1268 3270 1416 3338 Madanra
1439 3285 1470 3340 et
1494 3286 1602 3361 questa

230 3377 351 3466 lingua,
377 3377 491 3445 haverh
517 3401 599 3444 anco
628 3379 742 3445 intes0.
795 3378 831 3444 lo
860 3391 949 3445 tanto
979 3401 1018 3444 ne
1047 3378 1090 3444 ho
1120 3379 1240 3460 inteso,
1270 3377 1329 3444 che
1357 3380 1530 3465 compresi‚
1561 3378 1602 3446 lei

230 3505 336 3550 essere
360 3482 468 3550 donna
491 3484 595 3552 molto
619 3485 703 3572 sagia
728 3497 759 3551 ct
781 3483 936 3572 prudente
965 3501 995 3550 et
1025 3482 1083 3551 che
1112 3483 1241 3552 intenda
1264 3482 1345 3551 bene
1372 3484 1393 3551 li
1421 3485 1542 3572 negotii
1572 3504 1602 3552 et

230 3588 372 3657 discorra
395 3589 424 3656 le
448 3613 524 3656 cose
553 3590 656 3658 molto
686 3590 776 3657 bene.
824 3588 867 3656 la
892 3592 1037 3678 cognovi
1060 3588 1163 3656 molto
1187 3589 1358 3656 inclinare²
1386 3589 1443 3656 alla
1471 3613 1547 3678 pace
1572 3609 1603 3657 et

230 3694 387 3762 detestare
407 3694 509 3762 molto
533 3696 561 3762 la
584 3719 696 3784 guerra
721 3710 751 3763 et
767 3707 880 3783 pronta
904 3694 942 3763 ad
966 3697 1169 3784 interponere
1186 3697 1263 3784 ogni
1285 3719 1339 3763 sua
1356 3719 1462 3784 opera,
1486 3696 1602 3784 perche

229 3801 385 3888 seguisca‚
410 3818 440 3867 et
465 3800 571 3884 credo,
600 3801 649 3868 s'il
671 3803 697 3868 si
720 3801 876 3869 attacherd
905 3801 1035 3890 qualche
1059 3803 1189 3889 pratica,
1220 3821 1250 3868 et
1280 3805 1346 3869 sarh
1370 3803 1517 3869 ricercata
1546 3825 1603 3890 per

228 3907 382 3974 risolvere
406 3907 537 3996 qualche
562 3907 721 3990 difficulta,
746 3909 804 3976 che
829 3908 861 3974 lo
885 3907 948 3975 fara
970 3919 1206 3997 prontamente.
1242 3907 1441 3975 Similmente
1467 3907 1601 3975 biasimd

228 4015 310 4080 assai
333 4012 363 4079 la
386 4015 596 4102 occupatione
621 4013 660 4081 de
684 4015 713 4080 le
736 4026 818 4081 terre
842 4013 873 4080 di
897 4014 959 4081 Sua
982 4014 1111 4096 Santita,
1136 4025 1168 4080 et
1190 4013 1211 4080 li
1233 4037 1308 4102 pare
1332 4037 1405 4081 cosa
1430 4013 1532 4082 molto
1557 4017 1603 4081 in—

230 4121 309 4186 iusta
333 4139 364 4186 et
388 4120 504 4208 iniqua,
529 4139 560 4188 et
583 4123 609 4186 si
633 4120 759 4202 offerse,
788 4121 846 4187 che
875 4142 1025 4208 appresso
1055 4119 1076 4185 il
1099 4119 1347 4187 Cristianissirno
1382 4143 1449 4187 non
1478 4145 1603 4188 rnanca·

229 4223 344 4306 rebbe,
374 4222 511 4292 dicendo
540 4227 634 4314 perd,
664 4224 773 4292 ch'ella
802 4247 929 4312 sapeva,
962 4223 1033 4291 ch'il
1066 4223 1187 4312 prefato
1216 4248 1282 4292 non
1313 4248 1365 4292 era
1393 4237 1540 4292 mancato
1572 4225 1603 4292 di

229 4353 411 4418 procurare,
441 4332 499 4398 che
527 4331 630 4422 quelle
665 4351 747 4399 terre
782 4355 816 4398 se
847 4332 1081 4412 restituissen0;
1115 4349 1145 4398 et
1179 4332 1345 4398 exhortoci
1373 4355 1390 4397 a
1422 4333 1557 4398 scrivere
1587 4354 1603 4396 a

229 4437 272 4504 N.
289 4436 437 4525 Signore,
461 4437 488 4504 al
512 4437 583 4527 qual
606 4449 707 4526 spetta
731 4459 921 4525 promovere
946 4439 1024 4524 ogni
1047 4448 1142 4504 tratto
1167 4435 1198 4503 di
1219 4460 1305 4524 pace,
1330 4461 1347 4503 a
1372 4459 1439 4502 non
1457 4459 1602 4502 mancare

231 4540 261 4610 di
286 4545 365 4630 ogni
389 4543 499 4611 buono
516 4556 648 4632 paterno
666 4542 785 4626 officio,
810 4541 947 4611 dicendo
965 4542 1023 4610 che
1040 4565 1230 4624 conosceva,
1255 4543 1313 4609 che
1329 4544 1358 4609 le
1374 4565 1488 4628 guerre
1505 4563 1602 4607 erano

231 4648 371 4716 laruina
395 4649 435 4716 de
459 4650 479 4716 li
502 4652 592 4738 regni
617 4661 647 4717 et
671 4648 711 4717 de
734 4650 760 4716 la
786 4651 972 4732 cristianita,
1001 4672 1052 4716 nra
1080 4649 1348 4737 precipualmente
1372 4646 1411 4713 de
1434 4647 1461 4713 la
1486 4669 1603 4734 povera

232 4754 325 4836 ltalia,
350 4767 382 4823 et
406 4755 433 4822 la
456 4755 628 4844 grandezza
652 4755 692 4822 de
715 4757 736 4823 li
759 4753 888 4838 infideli,
913 4768 944 4823 et
961 4767 1049 4822 certo
1074 4756 1118 4821 rni
1141 4777 1216 4843 pare
1234 4755 1347 4822 havere
1371 4754 1479 4819 animo
1500 4753 1602 4819 molto

338 4977 347 5005 ¹
367 4967 419 5023 Th.
439 4967 570 5026 inclinata.
