3842 5532
340 283 403 346 242
960 292 1033 350 Felix
1052 314 1105 350 von
1124 293 1203 352 Prato
1223 298 1286 352 tiber
1304 293 1346 350 die
1365 293 1459 368 ptpstl.
1479 291 1706 367 Dispensgewalt.

340 456 457 544 sipiens
488 453 595 544 (quod
624 453 718 545 absit)
751 453 878 523 fecerit?
903 457 1012 522 —At
1044 455 1320 537 consuetudinem,
1352 458 1455 522 sorori
1479 453 1708 542 coniungendi,

339 560 538 650 reprobatam
567 559 829 650 contemplamur.
875 560 1037 629 Pudorem
1069 561 1204 652 (inquit)
1235 563 1354 628 sororis
1384 574 1474 644 tuae,
1502 560 1583 629 filiae
1612 561 1708 649 patris

338 686 421 749 tuae,
444 667 495 735 vel
517 666 598 736 filiae
623 669 731 736 matris
759 678 848 749 tuae,
878 666 967 734 domi
994 669 1120 755 genitae
1148 670 1214 737 sive
1238 669 1446 750 extrinsecus,
1475 692 1516 736 ne
1544 666 1708 755 detegas.¹

339 774 432 854 Quae
463 773 557 840 verba
590 771 768 841 Chaldaeus
795 775 949 861 interpres
983 797 1147 862 exponens
1179 776 1237 842 ait:
1277 773 1437 842 Pudorem
1473 775 1591 841 sororis
1622 786 1707 854 tuae,

338 877 419 947 filiae
440 881 536 968 patris
558 881 604 947 tui
627 880 677 947 vel
701 878 781 946 tibae
806 880 912 947 matris
935 891 1017 963 tuae,
1042 879 1131 947 domi
1154 882 1290 968 genitae,
1316 881 1377 949 hoc
1399 893 1501 948 estex
1524 901 1625 948 matre
1640 899 1707 960 tua,

337 987 404 1054 sive
427 987 632 1069 extrinsecus,
655 987 718 1054 hoc
743 998 790 1054 est
814 1009 852 1053 ex
875 986 932 1053 alia
956 1009 1054 1054 uxore
1077 987 1128 1054 vel
1152 987 1339 1069 concubina,
1362 986 1411 1054 vel
1432 987 1571 1054 vicissim
1595 1009 1636 1052 ne
1653 985 1708 1054 de·

337 1104 435 1180 tegas.
480 1092 626 1160 Ducendi
650 1090 760 1160 itidem
784 1090 860 1159 duas
883 1114 1010 1159 sorores
1034 1092 1128 1160 simul
1151 1095 1294 1161 viventes
1317 1095 1349 1159 in
1367 1093 1606 1160 matrimonium
1630 1114 1707 1159 con-

337 1198 538 1267 suetudinem
563 1198 743 1286 abrogatam
769 1198 865 1267 fuisse
889 1201 1058 1266 cernimus.
1104 1199 1247 1267 Uxorem
1273 1223 1346 1266 curn
1370 1200 1437 1266 eius
1465 1221 1577 1266 sorore
1601 1199 1707 1286 oppri-

337 1302 445 1371 mendi
469 1328 571 1377 causa.
604 1317 638 1372 ut
662 1304 741 1372 illius
765 1304 894 1393 detegas
917 1303 1144 1393 turpitudinem
1174 1307 1206 1372 in
1228 1307 1325 1394 ipsius
1349 1318 1539 1394 conspectu,
1569 1306 1635 1392 ipsa
1662 1306 1708 1371 vi·

337 1424 442 1494 vente,
465 1435 506 1478 ne
530 1412 673 1500 accipias,
697 1413 748 1478 ait.
784 1410 846 1479 Vel
860 1411 893 1478 in
917 1410 1094 1499 pellicatum
1119 1413 1225 1501 ipsius,
1251 1423 1284 1479 ut
1300 1411 1392 1478 habet
1415 1411 1509 1479 latina
1531 1409 1706 1492 translatio,

337 1540 377 1583 ne
402 1514 496 1584 ducas
519 1518 586 1606 ipsa
609 1519 768 1586 vivente.²
813 1517 879 1585 Cur
905 1519 991 1606 »ipsa
1014 1520 1159 1586 vivente«
1187 1516 1324 1586 addidit?
1358 1517 1447 1599 Quid
1466 1515 1610 1585 fiendum
1634 1529 1708 1604 post

337 1624 403 1690 eius
436 1621 574 1707 obitum,
608 1625 766 1712 poteritne
799 1645 869 1690 eam
905 1623 1039 1692 ducere?
1074 1625 1201 1712 Nempe
1236 1625 1385 1713 sequitur.
1432 1621 1531 1691 Vides
1567 1620 1707 1690 eundem

335 1731 474 1819 primum
497 1728 630 1818 gradum
654 1727 812 1799 affinitatis
836 1729 1029 1818 prohibitum
1054 1742 1085 1797 et
1108 1753 1307 1798 concessum.
1355 1731 1463 1811 Quam
1480 1731 1575 1797 etiam
1599 1728 1705 1816 legem

337 1835 485 1903 omnibus
518 1835 715 1924 temporibus
748 1859 821 1903 cnm
853 1837 1047 1905 servaverint
1076 1835 1186 1921 Judaei
1213 1854 1286 1903 ante
1318 1836 1436 1904 Christi
1468 1835 1640 1904 adventum
1674 1856 1706 1903 et

336 1965 432 2024 nunc,
456 1965 510 2008 cur
526 1942 703 2030 Prophetae
727 1955 838 2010 contra
862 1965 918 2008 eos
935 1965 1001 2009 non
1026 1941 1218 2010 clamarunt?
1245 1941 1339 2010 Liber
1354 1965 1483 2031 quoque
1499 1943 1583 2011 Ruth
1601 1965 1668 2030 cap.
1689 1963 1703 2028 3

336 2071 406 2115 eam
440 2047 706 2116 consuetudinem
736 2050 907 2137 antiquitus
935 2047 1123 2116 celebratam
1155 2047 1251 2115 fuisse
1284 2049 1316 2115 in
1347 2049 1442 2116 lsrael
1476 2049 1620 2131 asserit⁸;
1655 2047 1706 2115 ubi

336 2175 415 2242 ergo
439 2176 509 2221 earn
534 2152 714 2222 damnatam
738 2153 788 2222 vel
810 2153 944 2222 ablatam
968 2153 1158 2223 ostendent?
1205 2154 1268 2221 Ubi
1294 2177 1372 2222 vero
1404 2155 1470 2222 eius
1494 2173 1621 2243 apparet
1646 2153 1708 2222 dis·

336 2261 500 2347 pensatio?
544 2261 665 2327 Passim
689 2260 802 2329 colitur
825 2259 862 2328 ab
887 2259 1046 2342 omnibus,
1070 2263 1186 2348 passim
1216 2283 1286 2328 eam
1319 2260 1552 2348 amplectuntur
1579 2283 1707 2342 omnes,

335 2386 409 2434 ante
431 2366 555 2455 legem,
579 2385 651 2454 post
674 2366 795 2454 legem,
818 2389 918 2455 usque
941 2364 980 2432 ad
1004 2366 1122 2433 Christi
1145 2365 1315 2434 adventum
1341 2379 1372 2434 et
1395 2379 1468 2454 post
1492 2366 1610 2434 Christi
1638 2389 1707 2455 pas·

336 2473 463 2538 sionem
487 2471 524 2539 ab
548 2471 668 2540 eisdem
692 2472 824 2541 Iudaeis

441 2576 529 2659 Quid
559 2579 653 2646 etiam
682 2578 829 2666 intelligis
856 2601 912 2666 per
939 2591 1030 2646 tuum
1060 2575 1260 2645 adverbium:
1296 2576 1527 2666 dispensative?
1573 2579 1606 2646 Si
1630 2601 1707 2646 con·

335 2706 460 2750 cessum
484 2682 560 2750 dicis
576 2684 728 2752 Hebraeis
753 2684 805 2774 (ut
827 2683 879 2752 vili
902 2683 1094 2772 infirmoque
1110 2682 1259 2772 populo),
1280 2696 1313 2750 ut
1336 2682 1375 2750 de
1398 2706 1492 2750 usura
1517 2697 1548 2752 et
1567 2684 1706 2772 pluribus

335 2787 487 2856 ducendis
511 2789 661 2856 uxoribus
688 2791 871 2878 aspicimus,
902 2790 951 2857 vel
974 2790 1178 2878 permissum,
1209 2788 1262 2856 ubi
1286 2791 1318 2856 in
1342 2812 1429 2857 novo
1458 2789 1490 2857 id
1518 2790 1705 2879 abrogatum

334 2906 527 2963 testamento
552 2893 716 2977 ostendes,
746 2908 799 2962 aut
821 2919 859 2963 ex
888 2894 1000 2984 quibus
1028 2893 1143 2962 inferes
1172 2895 1294 2963 verbis?
1339 2896 1372 2961 Si
1400 2894 1576 2964 secundum
1605 2896 1707 2964 indul·

334 3002 487 3088 gentiam,
511 3014 544 3068 nt
567 3000 743 3089 Apostolus
766 3000 806 3068 ad
829 3002 905 3069 Cor.
930 3002 953 3068 I.
978 3003 1093 3091 inquit:
1134 3002 1207 3069 Hoc
1230 3021 1336 3068 autem
1360 3000 1433 3068 dico
1458 3002 1635 3070 secundum
1658 3003 1706 3070 in·

336 3105 547 3194 dulgentiam,
571 3130 638 3174 non
662 3107 838 3175 secundum
868 3108 1069 3196 imperium,⁴
1100 3147 1142 3156 -
1175 3107 1249 3195 quid
1280 3119 1389 3175 nostra
1412 3109 1535 3176 intersit
1562 3131 1631 3176 non
1654 3107 1707 3176 ad·

334 3223 436 3295 verto,
459 3215 518 3302 ipsi
542 3212 721 3280 ostendant.
756 3212 869 3282 Nullus
887 3215 971 3281 enim
989 3211 1204 3301 legislatorum
1228 3214 1305 3281 novi
1320 3215 1502 3282 testamenti
1519 3215 1705 3303 oppositum

335 3317 486 3387 condidit.
533 3318 756 3400 Quamobrem
780 3317 867 3387 fateri
888 3342 1148 3408 unumquemque
1173 3318 1329 3387 eiusmodi
1352 3321 1593 3388 matrimonium
1623 3319 1707 3390 haud

335 3426 401 3492 iure
429 3438 581 3512 negatum
609 3423 718 3492 divino
749 3448 879 3493 necesse
912 3425 1097 3494 arbitramur
1126 3425 1359 3514 Summumque
1381 3425 1574 3495 Pontificem
1602 3429 1708 3495 omni·

335 3529 432 3597 moda
463 3532 529 3598 eius
560 3532 686 3618 generis
717 3543 830 3599 statuta
867 3529 1069 3620 dispensandi
1100 3533 1285 3600 auctoritate
1317 3555 1334 3598 a
1364 3531 1494 3601 Christo
1528 3531 1623 3600 fuisse
1655 3555 1708 3600 or-

334 3647 454 3704 natum.

441 3741 594 3810 Dicemus
622 3744 736 3832 itaque,
761 3745 1001 3812 matrimonium
1029 3745 1113 3811 iuxta
1143 3755 1326 3811 sanctorum
1355 3744 1498 3811 virorum
1526 3743 1706 3812 doctrinam

334 3845 449 3934 duplici
474 3844 654 3916 ordinatum
678 3847 759 3932 fine,
788 3849 949 3937 principali
972 3848 1131 3930 videlicet,
1160 3851 1214 3938 qui
1238 3862 1285 3917 est
1308 3848 1432 3916 bonum
1455 3849 1567 3937 prolis,
1597 3863 1628 3917 et
1657 3873 1708 3916 ac-

334 3955 491 4035 cessorio,
520 3955 572 4042 qui
596 3967 645 4021 est
668 3955 943 4042 concupiscentiae
967 3955 1139 4043 repressio,
1169 3973 1203 4022 ut
1225 3954 1339 4022 Paulus
1367 3955 1482 4043 Apost.
1511 3955 1535 4022 1.
1564 3955 1604 4023 ad
1627 3955 1706 4022 Cor.

334 4081 353 4146 7
386 4058 442 4148 (2)
471 4057 581 4126 docet:
614 4060 749 4148 Propter
780 4061 1024 4127 lomicationem
1058 4073 1164 4128 autem
1199 4061 1415 4150 unusquisque
1446 4084 1537 4128 suam
1570 4083 1707 4128 uxorem

334 4164 455 4248 habeat,
480 4183 510 4233 et
535 4188 740 4256 unaquaeque
763 4189 856 4233 suum
880 4168 982 4234 vimm
1007 4165 1127 4235 habeat.
1168 4166 1293 4248 Quarto
1325 4167 1554 4235 sententiamm
1583 4165 1641 4235 dis.
1667 4171 1707 4254 36

333 4361 449 4413 maiores
468 4368 530 4414 natu
550 4369 600 4413 etc.
631 4359 764 4414 Schmach
782 4360 835 4414 und
848 4361 1004 4430 Entehrung
1022 4359 1076 4414 traf
1089 4359 1141 4413 den
1154 4360 1244 4428 Mann,
1264 4361 1310 4414 der
1324 4361 1381 4414 sich
1394 4362 1533 4432 weigerte,
1553 4361 1596 4416 die
1606 4362 1708 4417 Witwe

333 4430 380 4484 des
399 4429 567 4484 kinderlosen
587 4429 699 4484 Bruders
718 4449 749 4484 zu
768 4431 895 4485 heiraten.
933 4429 961 4484 1..
982 4448 1004 4484 c.
1025 4445 1066 4498 25,
1086 4447 1102 4500 9
1121 4430 1174 4484 und
1195 4446 1235 4485 ro.

441 4499 552 4554 ¹Levit.
575 4501 613 4566 18,
634 4518 657 4571 9.
695 4501 897 4572 Turpitudinem
921 4501 1019 4554 sororis
1038 4510 1099 4554 tuae
1124 4517 1155 4554 ex
1175 4511 1258 4572 patre,
1282 4503 1338 4555 sive
1362 4519 1395 4556 ex
1417 4513 1515 4568 matre,
1542 4519 1609 4574 quae
1633 4503 1708 4557 domi

333 4570 376 4624 vel
396 4569 459 4624 fon's
479 4571 569 4640 genita
588 4579 636 4636 est,
655 4587 710 4624 non
728 4571 865 4626 revelabis.

439 4639 551 4694 'Levia
573 4641 614 4707 18,
634 4642 673 4694 18.
709 4641 836 4696 Sororem
855 4643 943 4696 uxoris
961 4651 1022 4695 tuae
1042 4643 1067 4694 in
1087 4640 1239 4712 pellicatum
1258 4641 1325 4696 illius
1344 4660 1399 4697 non
1417 4645 1541 4714 accipies,
1561 4661 1611 4698 nec
1631 4661 1708 4698 reve·

333 4711 398 4764 labis
417 4710 607 4781 turpitudinem
626 4712 681 4764 eius
700 4711 785 4766 adhuc
804 4711 847 4767 illa
866 4715 980 4768 vivente.

440 4779 548 4847 ³Ruth‚
568 4798 624 4852 cap.
646 4797 658 4850 3
678 4781 732 4834 und
750 4797 775 4848 4,
794 4783 939 4838 besonders
960 4801 982 4854 3,
1005 4800 1035 4837 12
1055 4785 1109 4838 und
1130 4798 1168 4852 13.

439 4858 450 4888 ⁴
469 4850 488 4905 1.
502 4850 564 4905 Cor.
580 4865 603 4920 7,
616 4850 641 4906 6.
678 4851 780 4906 Betrifft
799 4853 841 4907 die
859 4855 1063 4976 pegenseitigen
1076 4853 1179 4908 Rechte
1198 4871 1251 4907 von
1266 4854 1347 4908 Manu
1366 4853 1419 4908 und
1434 4853 1502 4910 Frau
1521 4873 1553 4910 zu
1572 4857 1708 4922 einander,

334 4921 405 4978 ohne
424 4919 516 4990 Bezug
534 4920 581 4974 aui
596 4920 638 4974 die
651 4920 861 4978 Verwandtscha
874 4935 891 4978 t.
