3782 5532
169 329 232 390 ¹529
251 311 320 388 Juni.
1494 305 1534 366 99

167 475 278 564 publici
302 476 441 565 deputati
464 499 480 542 a
504 487 617 565 questo
634 471 753 543 officio.
797 475 1045 564 Quamprimum
1069 476 1113 541 mi
1137 473 1285 544 accaderl
1308 477 1339 544 di
1362 479 1536 546 truovarmi

167 605 226 649 con
258 583 321 650 Sua
350 584 486 664 Maesta,
517 605 585 649 non
615 584 765 649 mancarh
797 581 828 649 di
858 604 967 648 nuovo
997 579 1060 648 lare
1090 581 1200 648 buono
1231 581 1350 666 officio,
1382 604 1412 652 et
1443 607 1536 674 spero

164 701 349 756 restaranno
372 688 435 756 ben
458 687 609 757 satisfatti.
655 689 700 756 Fu
725 687 799 755 dato
823 687 893 755 loro
917 710 978 755 una
996 686 1076 755 delle
1098 689 1189 775 copie
1214 688 1292 756 della
1309 690 1537 778 supplicatione

166 793 313 881 produtta
336 797 367 861 in
392 797 551 881 signatura
567 805 599 862 et
614 792 664 861 del
688 804 843 882 protesto,
867 806 898 860 et
917 791 994 860 fatto
1017 793 1089 860 loro
1106 816 1290 876 conoscere,
1316 795 1374 862 che
1390 795 1537 865 havendo

165 900 184 966 li
207 901 366 990 Imperiali
389 903 492 969 avanti
516 900 544 967 la
566 919 683 968 venuta
707 899 738 967 di
762 923 805 966 m.
829 899 1005 966 Francesco
1029 898 1103 966 latta
1126 900 1272 966 instantia
1296 922 1390 990 sopra
1412 901 1440 968 la
1464 927 1537 970 avo-

165 1008 291 1073 catione
315 1005 355 1073 de
379 1005 406 1073 la
423 1029 514 1074 causa
537 1008 590 1094 pila
605 1005 703 1088 volte,
728 1017 759 1072 et
775 1006 853 1072 hora
876 1002 1011 1072 lacendo
1035 1005 1056 1070 il
1079 1005 1181 1072 simile
1198 1029 1259 1072 con
1276 1009 1419 1095 protesti,
1444 1031 1537 1078 come

164 1111 347 1194 vedevano,
377 1135 429 1180 era
452 1114 546 1195 assai,
578 1111 637 1179 che
661 1111 722 1178 Sua
745 1109 943 1178 Beatitudine
974 1109 1042 1177 fino
1074 1110 1193 1178 adhora
1216 1134 1282 1179 non
1311 1113 1442 1182 havesse
1465 1115 1539 1183 latta

165 1237 275 1306 questa
304 1219 506 1300 avocatione,
536 1241 630 1284 come
654 1219 772 1284 Vostra
794 1217 941 1304 Signoria
968 1216 1233 1305 prudentemente
1264 1221 1374 1288 scrive.
1421 1221 1466 1287 Mi
1495 1221 1539 1288 11-

164 1323 280 1391 11131113
312 1347 370 1412 pur
398 1347 508 1413 spesso
532 1323 554 1390 il
577 1322 733 1391 cardinale
763 1323 868 1412 quello
900 1323 984 1389 ch’io
1009 1322 1100 1390 creda
1128 1323 1159 1390 di
1186 1324 1247 1391 tale
1275 1329 1477 1410 avocatione,
1509 1348 1539 1396 et

165 1442 286 1498 mostra
313 1432 432 1518 potersi
461 1452 517 1518 per
547 1453 664 1497 nessun
696 1428 797 1496 modo
826 1429 1029 1517 persuadere,
1060 1429 1118 1496 che
1145 1430 1350 1500 31138311ῒὶ11
1379 1431 1406 1499 la
1434 1432 1538 1502 faccia.

165 1537 200 1602 lo
224 1537 245 1602 li
268 1535 434 1625 rispondo,
458 1537 542 1603 eh'io
564 1536 682 1624 veggio
706 1535 734 1602 le
758 1536 890 1622 ragioni,
914 1537 941 1601 si
963 1534 1119 1622 allegano,
1143 1537 1246 1604 molto
1269 1537 1438 1626 gagliarde,
1463 1554 1494 1608 et
1513 1541 1540 1608 13

166 1643 323 1724 1031311113,
348 1641 406 1709 che
430 1665 464 1709 se
486 1665 528 1709 ne
550 1639 590 1724 fa,
615 1663 719 1710 essere
742 1639 873 1724 infinita,
897 1644 922 1707 sl
939 1642 997 1708 che
1022 1664 1088 1708 non
1112 1664 1150 1708 so
1173 1642 1279 1732 quello
1303 1668 1344 1711 ne
1368 1645 1477 1713 habbia
1501 1646 1540 1714 da

166 1749 305 1836 seguire;
329 1751 396 1815 cosl
412 1747 433 1814 11
448 1747 544 1815 lascio
567 1748 649 1816 inter
664 1771 755 1836 spem
772 1760 803 1814 et
819 1759 952 1815 metum.
987 1747 1011 1814 Il
1027 1746 1183 1815 cardinale
1199 1751 1243 1816 mi
1260 1747 1339 1833 dice,
1363 1775 1430 1819 non
1447 1773 1540 1842 poter

167 1853 306 1936 credere,
330 1854 389 1921 che
411 1855 453 1921 N.
470 1854 606 1942 Signore
629 1853 765 1922 rimandi
788 1853 809 1920 11
825 1855 881 1920 Dr.
898 1854 1060 1942 Stephano
1083 1857 1189 1922 vacuis
1212 1857 1368 1940 manibus,
1393 1871 1424 1926 et
1447 1883 1540 1948 sopra

166 1961 268 2050 questi
291 1962 524 2048 ragionamenti
546 1959 576 2027 fa
590 1979 717 2049 portare
739 1960 768 2027 la
790 1960 899 2028 lettera
923 1959 954 2026 di
971 1960 1012 2026 N.
1029 1960 1176 2048 Signore,
1202 1973 1232 2028 et
1252 1985 1346 2030 come
1368 1987 1424 2052 per
1444 1965 1540 2034 l’altra

166 2066 251 2146 dissi,
274 2064 417 2155 pondera
433 2067 511 2153 ogni
534 2066 650 2154 parola,
675 2067 733 2134 che
756 2088 830 2154 pare
847 2064 910 2133 fare
934 2065 962 2132 al
985 2065 1056 2133 loro
1079 2070 1257 2155 proposito,
1282 2081 1312 2137 et
1329 2093 1392 2137 con
1409 2094 1539 2140 sommo

166 2171 325 2240 desiderio
348 2184 512 2261 aspettano
536 2173 557 2239 il
580 2171 701 2261 prefato
726 2173 782 2240 Dr.
807 2171 985 2260 Stephano,
1009 2176 1034 2238 sl
1058 2194 1114 2260 per
1136 2172 1317 2253 intendere,
1342 2189 1461 2264 quanto
1485 2200 1540 2265 per

166 2278 263 2346 l'altra
294 2280 413 2361 scrissi,
445 2292 476 2347 et
505 2283 530 2346 sl
560 2301 676 2345 ancora
707 2301 762 2367 per
793 2278 925 2360 vedere,
957 2301 992 2345 se
1023 2277 1061 2345 da
1087 2278 1150 2345 Sua
1180 2280 1299 2348 Santitl
1329 2281 1403 2348 hara
1433 2305 1541 2371 repor-

164 2397 230 2452 tato
255 2385 346 2452 altro.

271 2492 305 2559 Si
328 2514 411 2558 sono
436 2489 574 2572 risoluti,
604 2491 661 2558 che
686 2492 822 2558 omnino
850 2493 877 2558 si
899 2489 1038 2579 proceda
1066 2492 1099 2558 in
1124 2515 1230 2574 causa,
1261 2505 1292 2560 et
1315 2497 1381 2560 cosl
1405 2493 1540 2563 l’ultimo

165 2597 195 2664 11
218 2596 270 2665 131
293 2609 419 2687 passato
442 2595 600 2664 faeemmo
624 2597 645 2662 il
667 2599 772 2686 primo
795 2609 879 2679 artu,
910 2597 968 2665 che
992 2595 1024 2663 fu
1048 2596 1079 2664 di
1101 2595 1177 2665 sarci
1199 2611 1381 2686 presentare
1403 2599 1431 2667 13
1455 2601 1537 2668 bolla

166 2703 204 2770 de
219 2703 249 2770 13
265 2703 505 2785 commissione,
529 2714 691 2791 acceptare
707 2725 790 2771 onus
813 2705 845 2770 in
862 2725 923 2770 nos
939 2703 982 2770 ob
1005 2705 1213 2772 reverentiam
1231 2704 1381 2773 Sanctmi.
1395 2707 1470 2773 Dni.
1484 2708 1536 2789 N,

165 2809 315 2898 deputare
331 2810 456 2892 notarii,
480 2810 587 2877 nuncii
603 2809 641 2876 ad
665 2809 837 2892 citandum,
862 2829 893 2878 et
908 2808 940 2877 Iu
957 2809 1083 2878 decreta
1106 2810 1134 2878 la
1150 2811 1300 2878 citatione
1322 2815 1537 2900 peremptorie

164 2939 220 3004 per
242 2917 265 2983 11
288 2915 319 2984 11
341 2915 450 2982 XVIII
472 2915 522 2983 del
545 2927 701 3004 presente,
726 2918 785 2984 che
808 2921 874 2984 sara
897 2919 929 2983 in
946 2916 1086 2999 venerdl,
1111 2929 1142 2984 et
1166 2920 1233 2984 cosl
1255 2941 1339 2985 sono
1359 2921 1429 2986 stati
1453 2920 1537 2988 citati

165 3034 197 3088 et
218 3022 248 3088 la
271 3023 392 3090 Maesta
416 3022 467 3090 del
489 3046 523 3090 re
548 3035 579 3089 et
606 3024 693 3090 reina
716 3047 772 3111 per
794 3023 815 3090 li
839 3025 979 3112 episcopi
1002 3023 1233 3091 Lincolniensis
1262 3043 1292 3091 et
1317 3024 1537 3093 Bathoniensis

165 3129 272 3194 nuncii
296 3126 334 3194 ad
358 3127 420 3194 hoc
444 3125 583 3216 deputati
600 3142 631 3196 et
646 3131 747 3212 iurati,
771 3149 802 3197 et
825 3152 909 3217 pare,
933 3130 992 3197 che
1013 3129 1034 3196 li
1057 3131 1127 3197 suoi
1143 3131 1219 3198 savii
1243 3129 1453 3214 concludauo,
1478 3131 1536 3199 che

164 3246 284 3323 quanto
312 3233 380 3300 ala
408 3235 508 3322 prima
536 3253 623 3323 parte
651 3233 691 3302 de
720 3234 748 3303 la
776 3234 859 3302 bolla
887 3233 1054 3302 debbiamo
1085 3235 1259 3324 procedere
1288 3259 1326 3304 ex
1354 3236 1477 3320 officio;
1507 3250 1538 3306 et

166 3341 283 3407 Vostra
315 3339 462 3427 Signoria
491 3341 535 3406 sia
567 3353 665 3420 certa,
696 3341 754 3408 che
783 3363 941 3408 useranno
970 3343 1047 3429 ogni
1075 3339 1251 3428 diligentia,
1282 3342 1341 3410 che
1369 3355 1488 3431 quanto
1512 3347 1538 3410 si

164 3449 227 3534 pud
244 3447 300 3535 piu
314 3458 422 3533 presto
445 3447 472 3512 si
487 3469 590 3534 venga
613 3446 669 3513 alla
686 3447 902 3529 conclusione,
926 3459 958 3515 et
980 3445 1125 3528 intende,
1149 3446 1271 3515 benche
1295 3469 1362 3515 non
1384 3447 1416 3515 lo
1433 3451 1537 3537 sappia

165 3565 269 3634 cert0,
301 3552 360 3619 che
383 3551 480 3619 fanno
504 3552 681 3620 consultare
706 3552 726 3619 il
750 3577 823 3621 caso
848 3553 903 3620 alla
927 3545 1099 3621 Academia
1122 3553 1161 3621 de
1184 3554 1327 3641 theologi
1351 3555 1536 3623 Parisiense.

272 3658 364 3726 Circa
379 3657 513 3726 l’andata
531 3658 562 3726 di
579 3659 695 3727 Cesare
720 3662 751 3726 in
768 3660 853 3729 Italia
877 3662 978 3749 questi
1003 3661 1056 3749 qui
1072 3671 1186 3726 stanno
1210 3660 1241 3725 in
1258 3657 1357 3726 ferma
1374 3661 1538 3748 opinione,

165 3765 275 3832 ch’ella
299 3786 365 3831 non
389 3787 484 3853 possa
507 3767 646 3853 seguire,
682 3777 713 3832 et
735 3763 854 3833 dicono
879 3789 982 3833 essere
1007 3764 1184 3847 informati,
1216 3764 1274 3832 che
1297 3788 1365 3832 non
1395 3766 1425 3832 vi
1454 3789 1538 3832 sono

164 3872 395 3960 preparamenti
418 3871 596 3938 necessarii.
643 3873 692 3938 De
715 3871 744 3938 13
766 3894 843 3959 pace
867 3872 970 3940 molto
994 3874 1020 3938 si
1043 3873 1184 3959 ragiona,
1208 3872 1266 3938 che
1285 3871 1432 3939 Madama
1455 3873 1538 3939 Mar-

164 3978 288 4066 gherita
304 3988 334 4044 et
357 3976 385 4044 la
404 3977 513 4044 madre
528 3976 579 4044 del
595 3977 842 4044 Cristianissimo
860 3979 1099 4046 conveniranno
1123 3979 1156 4044 111
1173 3977 1319 4044 Cambrai
1340 3990 1371 4045 et
1394 3979 1537 4046 secondo

165 4083 266 4152 alcuni
295 4107 312 4150 a
341 4107 451 4151 mezzo
481 4083 503 4150 il
532 4106 619 4151 mese
648 4096 804 4172 presente.
849 4084 874 4151 Il
902 4084 1057 4152 cardinale
1085 4085 1130 4150 mi
1153 4083 1222 4151 dice
1251 4083 1281 4150 di
1305 4106 1390 4166 non,
1421 4095 1451 4150 et
1481 4085 1539 4151 che

165 4192 264 4278 prima
294 4191 320 4256 si
346 4190 565 4259 risolveranno
595 4189 616 4256 li
639 4189 829 4278 particulari,
860 4209 891 4257 et
915 4189 973 4256 che
998 4191 1093 4257 etiam
1115 4188 1157 4256 lui
1181 4192 1210 4256 vi
1234 4188 1365 4272 anderl,
1396 4213 1447 4256 ma
1471 4213 1539 4257 non

165 4296 239 4364 vuol
262 4298 388 4385 partire,
412 4321 445 4364 se
468 4299 569 4386 prima
591 4308 700 4386 questa
724 4319 815 4362 causa
838 4317 904 4362 non
930 4300 947 4362 ὲ
971 4295 1125 4385 expedita,
1150 4296 1208 4364 che
1231 4314 1397 4384 aspettano
1421 4320 1537 4364 ancora

166 4401 364 4471 d'intendere
394 4401 515 4491 quell0,
546 4405 579 4468 in
613 4403 672 4470 che
704 4403 730 4468 si
752 4401 903 4469 risolvera
925 4403 966 4469 N.
991 4403 1142 4490 Signore,
1175 4401 1395 4470 dimostrando
1425 4403 1539 4470 havere

166 4509 267 4578 molto
300 4507 473 4591 desiderio,
505 4509 563 4576 che
590 4531 646 4596 per
669 4529 766 4574 mano
798 4506 829 4575 di
852 4508 914 4575 Sua
936 4508 1056 4575 Santita
1087 4510 1113 4574 si
1144 4507 1365 4591 concludesse,
1396 4508 1539 4596 potendo

166 4615 265 4704 quella
294 4616 420 4703 seguire
449 4613 470 4681 il
492 4637 551 4682 suo
579 4614 746 4703 proposito
777 4611 808 4680 di
832 4615 941 4681 venire
970 4615 1001 4680 in
1031 4637 1167 4702 persona
1196 4637 1213 4680 a
1240 4612 1393 4696 trattarla,
1423 4636 1443 4679 0
1472 4637 1539 4680 11011

166 4719 308 4810 potendo
332 4721 358 4787 si
387 4719 570 4804 risolvesse,
603 4719 634 4787 di
664 4719 827 4788 mandarvi
851 4744 913 4788 con
941 4719 1128 4788 risolutione
1157 4719 1187 4787 di
1214 4706 1321 4808 quello
1352 4720 1411 4787 che
1438 4743 1455 4786 a
1478 4720 1540 4786 Sua

166 4825 363 4896 Beatitudine
391 4851 530 4916 paresse,
559 4827 617 4896 che
645 4849 702 4914 per
729 4826 883 4895 interesse
913 4825 945 4894 11
973 4825 1074 4916 quella
1102 4839 1190 4894 santa
1211 4825 1293 4894 Sede
1323 4837 1354 4893 et
1382 4849 1457 4894 cose
1485 4848 1540 4913 pu-

167 4933 265 5002 bliche
289 4933 374 5000 fusse
398 4937 619 5002 conveniente.
662 4933 701 4999 Et
723 4957 779 5021 per
803 4957 908 5001 essere
931 4933 952 4999 il
976 4935 1070 5002 Rmo.
1095 4956 1154 5001 suo
1177 4930 1322 5020 figliuolo
1346 4955 1495 5020 appresso
1519 4931 1540 4998 il

1395 5061 1406 5102 1
