3782 5532
195 379 260 434 ¹5²9
278 362 345 434 Juni.
1495 331 1557 396 105

295 524 358 576 aher
376 521 554 591 Campeggio,
573 518 633 572 dem
653 517 695 571 die
714 515 801 570 Briefe
820 516 927 587 gezeigt
944 512 1055 568 worden
1075 511 1128 566 und
1146 510 1193 565 der
1211 509 1253 564 die
1273 507 1411 579 englische
1429 506 1558 562 Geheim-

295 610 387 664 schrift
404 609 477 663 nicht
496 609 605 673 kannte,
628 605 707 660 sollte
726 605 798 659 diese
817 603 945 658 Marchen
967 604 993 656 111
1012 611 1104 672 gutem
1123 598 1245 654 Glauben
1263 597 1435 668 hinnehmen.
1466 594 1557 665 Vergl.

295 699 411 764 Brewer,
430 697 476 751 IV.
496 715 520 750 11.
538 696 617 766 5764:
637 695 718 748 What
737 695 772 748 he
790 694 838 748 has
858 692 914 746 said
933 692 1017 745 above
1037 691 1117 743 about
1136 689 1181 742 the
1201 687 1297 759 pocket
1316 686 1396 756 be'mg
1412 683 1518 754 opened
1536 683 1557 736 is

295 795 342 840 not
361 796 426 852 true,
445 787 490 839 but
509 786 544 838 he
559 793 644 838 wrote
663 785 690 851 it,
709 783 765 836 that
778 781 892 854 Wolsey
912 779 997 850 might
1017 777 1095 832 show
1114 778 1133 832 it
1151 785 1180 830 to
1193 775 1372 846 Campeggio,
1391 773 1411 826 11
1429 773 1463 826 he
1483 789 1557 826 com-

296 875 379 948 plains
399 875 431 928 of
446 875 491 928 the
511 872 683 944 nondelivery
703 871 735 925 oi
750 872 789 924 his
810 871 909 928 letters¹

839 1101 905 1184 48.

331 1264 569 1352 Campeggio
593 1287 632 1330 11
656 1263 728 1346 Jac.
753 1259 921 1329 Salviati.
968 1255 1117 1339 London,
1144 1277 1194 1323 21.
1218 1255 1291 1340 juni
1320 1272 1411 1339 1529.

293 1425 480 1495 Besriedigung
504 1425 530 1476 in
550 1422 671 1492 England
694 1421 754 1474 rtber
777 1422 825 1474 den
844 1418 1007 1471 Widrrstond
1029 1418 1071 1470 des
1091 1417 1191 1488 Papstes
1211 1433 1293 1486 gagen
1315 1414 1358 1466 die
1376 1411 1559 1480 Forderungen

184 1515 229 1566 der
249 1513 433 1567 Kaiserlichen.
475 1511 728 1581 Wirkungslosigkeii
748 1511 795 1562 der
813 1506 977 1562 lutherischen
1000 1505 1132 1558 Umrrtete.
1171 1503 1222 1557 Die
1242 1503 1358 1574 Stellung
1377 1499 1510 1570 Englands
1528 1515 1558 1566 ru

184 1603 231 1654 deo
249 1601 464 1672 Verhondlungen
488 1601 515 1652 in
536 1599 660 1652 Cambror'
682 1598 744 1651 noch
763 1599 853 1650 immor
876 1596 918 1648 die
934 1593 1037 1666 gleiche.
1075 1593 1130 1646 Das
1149 1591 1268 1662 Befindm
1291 1591 1334 1643 des
1352 1590 1459 1660 Papstes.
1498 1585 1558 1639 Per·

183 1691 312 1744 soniiches.
352 1687 553 1742 Provisorischer
571 1687 672 1740 Bericht
691 1687 751 1739 iiber
769 1687 811 1740 die
833 1683 1048 1753 Gerichtssitzung
1066 1699 1126 1735 vom
1144 1697 1186 1734 21.
1205 1680 1274 1749 Juni.

292 1829 392 1897 Ilhne.
418 1842 475 1898 etc.
522 1827 584 1896 Alli
600 1827 693 1895 XVII
717 1828 900 1915 capitarono
924 1826 952 1893 le
969 1824 1008 1893 de
1024 1826 1142 1892 Vostra
1165 1822 1313 1911 Signoria
1336 1817 1375 1886 de
1390 1817 1504 1885 XXIX
1526 1815 1557 1884 di

184 1939 293 2026 magio
310 1949 426 2004 venute
451 1960 512 2003 con
529 1936 607 2003 assai
631 1933 801 2022 diligentia.
847 1935 886 2000 Et
908 1934 1009 2021 prima
1033 1953 1129 1998 erano
1146 1929 1278 2017 capitote
1302 1923 1403 2015 quelle
1428 1922 1466 1991 de
1482 1923 1557 2004 XV,

183 2042 252 2110 ale
276 2042 359 2132 quali
383 2043 510 2130 pervia
534 2040 573 2109 de
589 2041 706 2108 Franza
728 2038 788 2108 feci
812 2042 946 2128 risposta
969 2037 1131 2126 duplicata,
1156 2047 1187 2102 et
1212 2032 1359 2102 desidero
1383 2032 1472 2097 siano
1495 2028 1557 2096 ben

183 2151 328 2237 capitato.
375 2149 428 2215 Ho
451 2149 606 2237 imprimis
630 2149 713 2215 visto
737 2145 757 2214 11
781 2159 890 2228 cont0,
920 2145 978 2213 che
1001 2144 1030 2211 11
1052 2143 1097 2210 mi
1124 2141 1152 2209 fa
1176 2140 1216 2208 de
1240 2139 1268 2206 le
1292 2162 1348 2206 sue
1371 2135 1496 2218 lettere,
1527 2147 1557 2202 et

182 2255 345 2336 ritruov0,
373 2255 431 2322 che
457 2253 587 2322 tandem
618 2253 726 2322 hanno
755 2253 853 2320 hauto
881 2252 947 2319 bon
975 2251 1129 2339 recapito,
1158 2269 1252 2315 come
1280 2267 1337 2334 per
1366 2242 1394 2310 11
1423 2243 1558 2331 risposta

182 2363 299 2431 haveth
322 2363 430 2428 visto.¹

290 2469 319 2535 A
344 2480 452 2556 questa
470 2467 592 2535 Maesti
616 2480 646 2534 et
669 2468 764 2534 Rmo.
790 2469 807 2532 ὲ
830 2464 933 2533 molto
957 2464 1093 2551 piaciuto
1117 2473 1236 2551 quanto
1260 2459 1288 2526 la
1312 2457 1422 2540 scrive,
1446 2454 1505 2523 che
1528 2455 1556 2522 le

181 2575 406 2662 protestationi
430 2586 460 2641 et
485 2575 707 2640 commissioni
730 2572 769 2640 de
786 2572 914 2640 Cesarei
938 2573 1004 2638 cosi
1028 2593 1062 2637 se
1085 2580 1216 2636 stavano
1241 2578 1273 2633 et
1295 2587 1362 2631 non
1385 2562 1415 2630 le
1439 2561 1557 2630 haveva

181 2681 321 2769 signate,
353 2691 384 2747 et
408 2678 466 2747 che
491 2704 533 2747 m.
558 2680 721 2768 Stephano
746 2693 784 2746 et.
800 2677 903 2745 Briam
932 2675 1180 2756 dechiareriano,
1208 2674 1241 2738 in
1270 2673 1328 2739 che
1356 2667 1557 2738 1111111111-

181 2788 292 2854 sciano
316 2784 345 2854 11
361 2809 446 2868 cosa,
471 2799 501 2853 et
517 2787 580 2854 8111
595 2787 716 2853 Maesta
739 2808 829 2873 spera
852 2783 954 2850 molto
979 2779 1057 2850 dali
1080 2779 1189 2869 prefati
1213 2779 1310 2846 sentir
1334 2774 1465 2866 qualche
1482 2798 1556 2842 cosa

181 2892 266 2960 bona
289 2915 412 2981 perse.
461 2892 552 2960 Circa
575 2891 603 2959 le
628 2915 702 2959 cose
726 2890 921 2959 Lutherane:
951 2912 1034 2956 sono
1058 2887 1161 2975 sopite
1189 2897 1221 2953 et
1244 2907 1311 2952 non
1334 2906 1368 2950 se
1396 2905 1438 2949 ne
1461 2881 1555 2969 parla.

182 2999 235 3065 Ho
259 2997 339 3066 fatto
363 2997 395 3064 lo
420 2995 528 3066 officio
552 3021 624 3065 cum
648 2998 678 3065 S.
704 2999 748 3064 M.
774 3009 804 3065 et
832 3020 905 3063 cum
935 2994 956 3062 iI
979 2995 1074 3062 Rm0.
1098 2989 1335 3080 ringratiandoli
1364 3002 1423 3057 etc.
1469 2985 1494 3054 Il
1522 3010 1555 3054 re

182 3106 322 3192 rispose:
347 3103 541 3191 Expediamo
566 3105 628 3172 hoc
644 3127 751 3172 meum
776 3104 953 3190 negotium,
976 3113 1011 3169 ut
1026 3100 1147 3190 possim
1171 3096 1324 3187 applicare
1348 3097 1501 3176 animum,
1525 3105 1557 3162 et

182 3211 294 3278 omnia
317 3209 438 3278 faciam.
486 3211 593 3278 Credo
618 3211 675 3278 che
699 3210 730 3277 8.
755 3210 799 3276 M.
826 3210 960 3276 omnino
984 3209 1135 3288 11111111,
1165 3229 1258 3273 come
1285 3227 1341 3292 per
1364 3201 1466 3291 quella
1495 3201 1556 3266 mia

183 3315 222 3383 de
246 3317 294 3384 IV
317 3315 447 3404 d'aprile
470 3316 572 3384 dissi.²

290 3423 341 3489 De
365 3421 392 3489 la
415 3446 492 3511 pace
516 3446 571 3511 per
594 3424 643 3491 via
667 3421 705 3490 de
729 3423 845 3489 frama
870 3422 908 3488 V.
926 3421 957 3487 8.
982 3419 1061 3488 debe
1084 3417 1260 3498 intendere,
1283 3417 1315 3482 in
1339 3414 1397 3482 che
1420 3415 1557 3481 termine

182 3539 228 3595 sta
257 3527 286 3595 la
315 3552 389 3596 cosa
397 3555 406 3613 ;
442 3530 495 3618 qui
523 3553 588 3618 par,
617 3553 651 3596 se
679 3527 821 3610 intendo,
851 3526 879 3594 le
907 3550 981 3596 cose
1010 3550 1044 3594 se
1066 3525 1182 3594 vadino
1211 3520 1409 3610 stringendo
1438 3534 1470 3589 et
1497 3521 1556 3588 che

182 3633 331 3702 Madama
353 3633 517 3724 Malgarita
546 3647 577 3703 et
600 3634 627 3702 11
655 3647 786 3722 regente
815 3632 923 3701 madre
953 3632 1003 3702 del
1027 3632 1276 3700 Cristianissimo
1305 3625 1450 3697 debbano
1480 3649 1556 3694 con-

183 3741 293 3807 venire
316 3742 348 3807 11
373 3740 530 3822 Cambrai,
555 3753 586 3808 et
610 3740 741 3808 intendo
766 3739 804 3808 da
828 3741 905 3828 ogni
928 3751 1032 3827 parte,
1056 3738 1084 3806 11
1106 3761 1181 3805 cosa
1205 3736 1319 3802 havere
1343 3731 1555 3820 grandissimo

182 3843 405 3913 fondamento.
454 3847 577 3928 Questa
609 3847 730 3915 Maesti
761 3847 880 3928 vorria,
915 3843 987 3912 ch'il
1019 3845 1113 3913 Rmo.
1147 3841 1346 3910 Eboracense
1377 3839 1509 3908 andasse
1539 3862 1557 3905 a

182 3964 299 4040 questo
316 3965 489 4034 convento
514 3977 565 4020 ma
589 3953 647 4020 che
670 3953 771 4041 prima
794 3953 820 4018 si
843 3951 1006 4040 expedisse
1029 3962 1139 4040 questa
1164 3973 1219 4017 sua
1242 3970 1348 4030 causa,
1373 3944 1441 4013 111
1465 3968 1557 4033 expe·

183 4055 306 4124 ditione
330 4057 369 4125 de
392 4056 420 4124 11
444 4057 533 4147 quale
557 4057 726 4126 intendunt
749 4055 898 4124 omnibus
922 4055 1048 4126 viribus.
1091 4057 1169 4124 Non
1192 4055 1237 4123 s’e
1261 4065 1408 4122 mancato
1432 4056 1474 4119 11
1497 4073 1556 4140 pro

293 4277 300 4306 ¹
319 4268 374 4322 Das
394 4269 538 4324 Schreiben
557 4269 677 4324 Salviatis
696 4286 760 4323 vom
779 4283 820 4340 29.
834 4269 895 4336 Mai,
915 4270 963 4323 mit
982 4270 1070 4322 einem
1089 4267 1554 4392 111ἓ111111111111131161111111-

184 4339 277 4394 schrift
301 4340 449 4406 1111111111.,
473 4340 541 4395 Lett.
561 4341 587 4393 di
606 4341 690 4394 Princ.
715 4340 759 4393 llI.
779 4355 814 4412 90
833 4357 856 4393 u.
876 4355 918 4412 91.
957 4339 1032 4394 Nach
1056 4339 1119 4394 dem

185 4411 250 4464 tiber
267 4411 310 4464 die
334 4427 367 4464 an
387 4410 481 4482 Camp.
501 4411 713 4483 abgegangenen
732 4410 774 4464 De
795 4410 895 4464 eschen
914 4411 999 4481 giebt,
1022 4411 1067 4465 hat
1087 4409 1134 4464 der
1157 4411 1303 4481 papstliche
1322 4409 1557 4466 Geheimsekretair

185 4496 347 4550 an110.,13.
368 4480 421 4535 und
441 4496 481 4550 27.
500 4481 583 4552 April,
603 4499 646 4534 am
669 4497 699 4549 1.‚
718 4494 752 4547 4.,
772 4429 796 4535 d).
816 4479 869 4534 und
884 4495 923 4550 15.
937 4481 990 4534 Mai
1029 4481 1193 4535 eschrieben.
1230 4480 1358 4535 Indessen
1377 4481 1480 4534 scheint
1493 4489 1556 4534 statt

186 4565 228 4620 27.
248 4551 322 4622 April
347 4567 398 4617 21.,
424 4560 486 4605 statt
509 4565 533 4616 4.
557 4552 610 4605 Mai
634 4549 658 4606 6.
684 4551 779 4605 stehen
802 4569 834 4605 zu
859 4557 980 4619 meissen,
1006 4499 1040 4606 da
1063 4551 1135 4606 diese
1154 4551 1241 4605 Daten
1266 4552 1353 4605 sicher
1376 4552 1485 4618 stehen;
1513 4552 1556 4606 die

1159 4339 1272 4406 erichte,
1296 4339 1347 4393 den
1372 4339 1431 4393 dort
1450 4337 1556 4393 Salviati

185 4621 330 4676 Schreiben
349 4639 412 4676 vom
427 4637 466 4691 13.
479 4621 553 4693 ApriI
573 4621 625 4676 und
643 4621 782 4676 samtliche
801 4622 859 4676 hier
872 4631 1026 4694 genannten
1045 4639 1109 4676 vom
1122 4621 1175 4675 Mai
1193 4621 1240 4674 mit
1254 4622 1409 4676 Ausnahme
1428 4623 1474 4677 des
1488 4640 1554 4695 eng-

184 4691 287 4746 lischen
305 4692 449 4764 Excerptes
468 4709 532 4746 vom
553 4707 591 4762 15.
612 4693 664 4746 Mai
683 4691 742 4746 sind
761 4692 891 4746 verloren.
928 4693 983 4746 Ver
1004 4692 1020 4748 1.
1039 4693 1164 4747 indessen
1182 4693 1252 4746 oben
1271 4693 1297 4748 S.
1317 4694 1350 4763 98
1369 4693 1449 4748 11111.
1466 4710 1489 4749 1.

292 4769 302 4800 ²
319 4763 401 4817 Diese
414 4763 508 4818 Worte
527 4764 655 4817 beziehen
668 4763 724 4817 sich
743 4763 791 4817 ans
799 4763 852 4816 den
870 4780 924 4817 von
938 4710 1033 4818 1111111
1070 4774 1235 4834 angeregten
1248 4762 1403 4830 Gedanken,
1422 4781 1477 4819 von
1489 4766 1555 4820 wel·

186 4833 265 4887 chem
284 4833 454 4957 Campe9gio
473 4835 498 4887 in
518 4835 579 4888 dem
598 4835 742 4888 Schreiben
761 4851 826 4888 vom
847 4842 894 4904 314.
914 4834 987 4918 April
1007 4784 1159 4906 Mitteilung
1177 4835 1283 4888 machte
1307 4834 1360 4888 und
1378 4835 1430 4890 den
1448 4853 1510 4890 11111
1529 4839 1555 4892 11

186 4903 256 4956 Rom
276 4906 323 4958 mit
341 4921 391 4975 gro
403 4921 445 4958 ser
463 4903 658 4975 Lebhastigkeit
678 4905 780 4976 ergriff,
805 4904 857 4958 den
876 4904 967 4976 Xomg
991 4923 1036 4958 zur
1054 4903 1209 4977 Abfassung
1228 4906 1300 4959 eines
1318 4907 1432 4961 aweiten
1452 4907 1555 4962 Buches

187 4991 277 5045 gegen
289 4975 337 5028 -die
356 4975 482 5030 Irrttrmer
501 4975 613 5030 Luthers
632 4995 662 5030 zu
682 4977 823 5048 bewegen.
860 4976 886 5031 8.
906 4976 976 5030 oben
994 4976 1020 5030 S.
1042 4976 1083 5044 78.
