3842 5532
333 311 396 377 239.
1218 325 1366 382 Consilium
1385 341 1464 397 super
1482 342 1560 380 causa
1580 322 1702 395 Anglica.

331 487 457 555 sceleris
486 488 682 575 suspicione,
710 488 800 578 quale
833 502 915 557 esset
943 488 1143 576 illegitimum
1172 489 1427 569 matrimonium,
1457 497 1592 565 tenetur,
1620 483 1703 552 solet

331 593 544 662 carnificinam
561 594 718 684 quandam
744 619 842 683 usque
866 596 897 662 in
915 594 999 662 diem
1024 594 1129 663 iudicii
1145 594 1325 663 duraturam
1342 614 1487 660 exercere
1512 603 1570 658 etc.
1606 591 1703 658 Unde

330 725 404 768 cum
427 713 586 789 supponat
612 701 759 768 Maiestas
784 701 860 783 Sua,
889 703 1031 788 reginam
1055 713 1184 790 propter
1211 700 1450 767 matrimonium
1475 721 1547 765 cum
1564 699 1702 764 Arcturo

330 806 422 875 fratre
446 808 503 873 sibi
532 808 734 874 coniunctam
761 806 855 874 fuisse
883 808 914 875 in
940 809 1045 895 primo
1068 806 1167 895 gradu
1191 805 1364 887 affinitatis,
1391 803 1476 893 quod
1502 805 1568 870 iure
1591 799 1702 869 divino

329 912 523 1000 prohibitum
549 926 611 996 est3
645 911 914 1001 dispensationem
939 925 1098 1002 praeterea
1129 935 1222 1000 super
1244 913 1306 979 hoc
1331 913 1527 998 impetratam
1553 907 1703 976 nullitatis

328 1021 406 1086 vitio
431 1018 642 1106 multipliciter
665 1018 822 1102 laborare,
851 1032 939 1107 putat
961 1019 1048 1108 quod
1071 1033 1137 1086 tuta
1159 1019 1353 1086 conscientia
1382 1030 1413 1084 et
1436 1017 1519 1082 bona
1543 1014 1605 1082 fide
1632 1037 1701 1081 non

327 1126 429 1213 possit
456 1123 571 1193 diutius
600 1123 682 1192 istud
711 1127 950 1193 matrimonium
981 1124 1085 1192 colere
1114 1123 1231 1213 absque
1260 1146 1311 1205 e0‚
1343 1121 1429 1212 quod
1458 1123 1609 1189 continue
1633 1143 1701 1186 non

327 1229 472 1298 aedificet
495 1231 534 1297 ad
558 1231 750 1318 gehennam.

434 1337 515 1404 Huic
538 1338 653 1404 rationi
677 1337 888 1425 multipliciter
911 1336 1097 1425 responderi
1121 1347 1241 1423 potest,
1265 1348 1296 1402 et
1320 1337 1350 1401 in
1375 1335 1499 1422 primis,
1522 1332 1610 1422 quod
1633 1332 1702 1399 Ma-

327 1444 420 1510 iestas
444 1443 506 1509 Sua
529 1465 587 1530 pro
611 1441 820 1510 fundamento
844 1443 975 1510 assumit
999 1441 1045 1523 id,
1069 1441 1155 1531 quod
1179 1443 1316 1508 maxime
1340 1439 1470 1508 dubium
1495 1451 1557 1521 est,
1581 1439 1701 1506 scilicet

326 1547 413 1638 quod
437 1550 677 1617 matrimonium
700 1550 740 1616 sit
763 1548 883 1617 nullum
909 1562 939 1616 et
963 1547 1156 1637 dispensatio
1177 1550 1217 1615 sit
1241 1546 1332 1613 nulla.
1378 1547 1510 1614 Nemini
1534 1546 1620 1614 enim
1645 1543 1702 1612 du·

325 1655 412 1722 bium
437 1655 568 1737 faceret,
596 1666 698 1723 stante
722 1657 974 1744 praesupposit0,
1002 1653 1090 1744 quod
1113 1656 1217 1743 potius
1247 1652 1376 1720 ferenda
1400 1665 1482 1720 esset
1502 1674 1569 1719 non
1593 1651 1700 1718 solum

326 1763 413 1829 istius
430 1761 530 1849 regni,
554 1759 610 1828 sed
626 1762 724 1828 totius
748 1759 813 1829 fere
830 1761 915 1828 orbis
931 1762 1030 1843 ruina,
1055 1783 1149 1850 quam
1173 1761 1206 1827 in
1223 1782 1263 1826 eo
1280 1783 1349 1826 esse
1370 1759 1587 1840 inatrimoni0,
1612 1755 1700 1846 quod

326 1880 435 1935 contra
459 1866 579 1935 divinas
609 1868 789 1934 sanctiones
819 1890 874 1954 per
898 1890 1047 1934 enervem
1077 1865 1347 1954 dispensationem
1372 1864 1575 1932 conciliatum
1605 1876 1698 1932 esset.

324 1972 425 2054 Quod
441 1975 478 2055 si,
502 1996 542 2040 ne
558 1973 698 2039 labamur
721 1986 773 2041 aut
789 1974 1027 2040 committamus
1052 1997 1112 2040 nos
1130 1975 1183 2039 uni
1206 1985 1336 2060 peccato
1357 1971 1490 2058 capitali,
1514 1971 1577 2037 hoc
1595 1969 1699 2038 seren·

324 2078 400 2147 dum
419 2098 476 2160 est,
500 2078 574 2167 quid
594 2077 755 2160 faciemus,
780 2091 813 2146 ut
829 2092 878 2147 tot
893 2079 1092 2165 effugiamus,
1115 2096 1194 2167 quot
1210 2090 1384 2167 sequuntur
1408 2101 1446 2144 ex
1463 2075 1700 2143 cohabitatione

324 2184 564 2273 illegitimorum
581 2186 777 2272 coniugum?
816 2185 854 2252 Et
870 2186 995 2252 merito.
1034 2184 1123 2267 Quid
1140 2186 1225 2252 enim
1243 2182 1372 2272 prodest
1393 2184 1528 2264 homini,
1551 2184 1576 2248 si
1592 2195 1698 2250 totum

324 2291 480 2358 mundum
503 2290 641 2358 lucretur
664 2302 723 2358 etc.
770 2290 832 2358 Sed
856 2315 929 2358 cum
959 2290 1020 2358 hoc
1049 2293 1186 2358 maxime
1215 2288 1346 2357 dubium
1374 2290 1414 2357 sit
1437 2309 1469 2357 et
1496 2287 1632 2378 pendeat
1660 2311 1700 2355 ex

323 2396 429 2466 futuro
445 2419 597 2485 processu
622 2408 653 2464 et
669 2420 706 2463 ex
730 2399 886 2465 sententia
905 2396 1043 2479 ferenda,
1068 2420 1134 2464 non
1152 2395 1245 2464 debet
1268 2419 1326 2485 pro
1343 2394 1553 2463 fundamento
1569 2396 1699 2461 assumi.

323 2503 429 2570 Immo
458 2504 574 2570 sinon
599 2501 721 2570 adesset
750 2501 832 2570 aliud
856 2500 1048 2584 remedium,
1073 2525 1167 2592 quam
1197 2500 1419 2570 determinatio
1447 2498 1584 2582 articuli,
1613 2511 1700 2567 certe

323 2608 540 2690 crederemus,
571 2608 652 2675 hanc
684 2610 841 2675 rationem
874 2611 995 2696 optime
1026 2607 1216 2675 concludere
1247 2621 1399 2697 quantum
1430 2606 1470 2674 ad
1501 2607 1579 2687 hoc,
1610 2604 1700 2694 quod

323 2714 462 2781 Serrnus.
488 2737 543 2780 rex
566 2726 651 2781 recte
679 2713 810 2796 faceret,
839 2737 990 2803 quaerere
1013 2712 1175 2781 iuridicam
1205 2726 1236 2781 et
1259 2737 1366 2781 veram
1396 2711 1698 2780 determinationem

322 2819 488 2888 validitatis
511 2819 561 2887 vel
585 2818 783 2887 invaliditatis
808 2822 1031 2887 matrimonii.¹

428 2923 491 2993 Sed
504 2948 575 2992 cum
594 2950 632 2992 ex
650 2925 741 2991 huius
759 2927 952 2993 matrimonii
970 2925 1178 2993 dissolutione
1194 2925 1341 3014 pleraque
1359 2948 1474 3012 magna
1490 2923 1700 2993 incommoda

324 3052 355 3099 et
378 3030 523 3099 scandala
546 3029 710 3098 videantur
734 3044 884 3099 eventura
911 3055 978 3098 non
1008 3031 1110 3099 solum
1136 3033 1167 3098 in
1192 3055 1293 3120 regno
1317 3033 1490 3099 Maiestatis
1513 3030 1611 3112 Suae,
1642 3027 1700 3096 sed

323 3141 355 3204 in
380 3139 524 3205 universa
546 3136 703 3224 republica
727 3137 903 3217 christiana,
928 3151 961 3204 ut
983 3137 1062 3204 infra
1086 3138 1175 3205 latius
1199 3138 1325 3226 patebit,
1353 3161 1421 3204 non
1445 3135 1569 3204 videtur
1592 3136 1700 3225 aliquo

324 3241 424 3310 modo
449 3265 540 3309 causa
564 3243 620 3309 ista
637 3243 681 3308 sic
697 3241 867 3324 tractanda,
891 3243 1074 3330 praesertim
1093 3265 1166 3309 cum
1184 3244 1399 3310 conscientiae
1418 3243 1593 3310 Maiestatis
1616 3241 1700 3308 Suae

324 3349 471 3436 scrupulo
496 3359 527 3415 et
543 3346 741 3414 carnificinae
765 3349 865 3435 possit
883 3346 940 3414 alia
963 3349 1086 3414 ratione
1110 3360 1142 3416 et
1164 3350 1272 3416 tutiori
1294 3348 1410 3415 auxilio
1426 3347 1586 3436 provideri
1593 3373 1602 3431 ;
1627 3348 1701 3436 quia

324 3455 398 3522 dato
429 3453 516 3543 quod
546 3455 785 3520 matrimonium
818 3476 855 3519 ex
887 3452 1010 3521 delectu
1042 3452 1286 3541 dispensationis
1318 3470 1402 3521 esset
1432 3452 1570 3536 nullum,
1601 3453 1701 3540 longe

325 3560 437 3628 melius
462 3572 493 3628 et
509 3559 713 3626 commodius
732 3557 834 3639 luerit,
858 3581 961 3625 novae
985 3557 1229 3647 dispensationis
1252 3557 1411 3626 beneficio
1435 3561 1466 3627 in
1490 3559 1701 3626 matrimonio

324 3687 541 3754 perseverare,
570 3688 663 3754 quarn
692 3687 732 3730 eo
761 3662 919 3752 dirempto
949 3687 1048 3732 novas
1077 3666 1199 3754 nuptias
1228 3665 1448 3754 attemptando
1473 3667 1620 3732 maximis
1644 3665 1702 3732 ob·

325 3773 419 3839 iicere
447 3795 481 3838 se
514 3769 762 3852 discriminibus
792 3769 831 3836 de
862 3769 974 3859 quibus
1007 3770 1085 3837 infra
1116 3770 1274 3854 dicemus,
1304 3795 1384 3861 quae
1416 3773 1542 3840 tametsi
1575 3772 1701 3839 ratione

325 3876 425 3965 aliqua
454 3877 562 3942 evitari
585 3877 722 3964 possint,
753 3897 925 3963 numquam
949 3887 1056 3943 tamen
1080 3875 1209 3960 fuerint,
1240 3879 1316 3965 quin
1340 3879 1549 3944 matrimonio
1574 3889 1623 3944 tot
1647 3900 1701 3943 an·

325 4005 441 4048 norum
466 3980 624 4068 dirempto
649 3979 770 4047 celebre
786 3980 959 4048 Maiestatis
976 3981 1057 4048 Suae
1077 4005 1199 4049 nomen
1221 3984 1327 4050 statim
1352 4006 1418 4050 non
1443 3985 1582 4072 pessime
1606 3997 1703 4051 sonet

325 4090 357 4154 in
381 4085 505 4153 auribus
528 4085 712 4152 multorum.
759 4086 852 4153 Pauci
876 4109 1013 4176 namque
1036 4087 1210 4158 admodum
1235 4113 1273 4156 ex
1297 4088 1404 4157 multis
1426 4101 1529 4172 erunt,
1553 4090 1606 4178 qui
1632 4113 1701 4156 non

326 4195 392 4260 iure
417 4205 448 4260 et
471 4193 684 4258 conscientiae
713 4189 868 4259 sanandae
892 4215 999 4274 causa,
1028 4193 1084 4260 sed
1108 4193 1238 4261 diversis
1262 4194 1437 4262 admodum
1469 4193 1646 4262 rationibus
1669 4197 1703 4263 id

325 4298 441 4366 sactum
471 4298 652 4364 existiment
681 4319 716 4362 ac
744 4296 934 4383 praedicent.
981 4296 1082 4378 Quod
1112 4311 1263 4388 quantum
1294 4299 1477 4368 obfuturum
1509 4303 1550 4368 sit
1579 4301 1703 4388 gloriae

326 4403 467 4470 nominis
490 4403 548 4483 sui,
573 4424 671 4468 nemo
696 4413 743 4468 est
766 4403 817 4490 qui
842 4424 908 4468 non
932 4401 1045 4484 videat,
1072 4426 1166 4492 quam
1190 4407 1243 4493 qui
1267 4405 1410 4494 negligit,
1434 4407 1595 4496 Apostolo
1620 4421 1703 4476 teste

327 4507 460 4576 crudelis
485 4519 542 4587 est,
566 4519 596 4574 et
620 4505 771 4594 adquam
795 4507 945 4573 tuendam
969 4527 999 4574 et
1024 4509 1234 4596 ampliandam
1259 4534 1325 4578 non
1349 4512 1454 4579 solum
1479 4515 1598 4582 nostris
1620 4527 1703 4581 tem·

326 4613 466 4701 poribus,
490 4611 601 4700 quibus
617 4613 762 4694 vivimus,
786 4610 841 4678 sed
864 4610 974 4679 futuris
998 4615 1091 4681 etiarn
1116 4616 1246 4684 saeculis
1266 4617 1360 4685 veluti
1385 4631 1515 4688 naturae
1539 4620 1646 4688 edicto
1670 4634 1704 4689 et

327 4738 434 4786 sancta
457 4719 655 4784 institutione
678 4716 830 4784 allicimur
854 4731 885 4785 et
901 4718 1113 4788 exhortamur.
1160 4722 1237 4790 Non
1261 4724 1395 4792 deerunt
1415 4727 1513 4807 enim,
1537 4728 1590 4815 qui
1616 4747 1703 4794 recte

336 4830 350 4834 -
359 4827 539 4835 -.—————-

434 4884 442 4912 ¹
462 4875 495 4933 D,
515 4876 541 4928 h.
561 4875 603 4927 die
622 4891 674 4927 ron
693 4873 818 4928 Heinrich
837 4877 1070 4946 ausgesprochene
1088 4880 1207 4947 Absicht,
1233 4883 1291 4936 sein
1309 4883 1453 4937 Gewissen
1473 4884 1704 4952 sicherzustelleu,

328 4948 362 4998 ist
381 4945 509 4997 durchaus
530 4943 641 5008 loblich3
670 4961 698 4995 es
717 4944 788 5013 giebt
809 4945 871 4997 aber
890 4946 966 4998 einen
986 4950 1050 5001 weit
1069 4950 1194 5004 besseren
1209 4952 1280 5023 Weg
1299 4953 1373 5008 dazu.
