3842 5532
195 307 318 381 Anhang.
1483 321 1487 328 '
1503 300 1566 364 253

195 470 322 539 fastiditi
345 471 377 540 di
400 484 519 562 questa,
544 473 692 540 thenon
717 474 744 540 si
765 474 869 562 potria
893 472 1046 556 crededo,
1070 487 1102 540 et
1125 497 1191 541 non
1215 474 1287 542 solo
1308 475 1329 542 il
1353 498 1396 558 re,
1421 474 1567 543 Madama

196 591 226 646 et
248 579 321 646 tutti
343 577 364 644 li
387 578 560 665 principali,
584 577 671 645 salvo
694 578 807 662 alcuni,
832 580 891 647 che
907 579 1004 648 [anno
1027 578 1226 667 professione
1245 579 1275 648 di
1300 582 1432 670 capitani
1457 603 1488 650 et
1504 581 1567 648 sol-

196 683 257 751 dati
282 696 313 751 et
336 682 524 751 desiderano
548 686 713 773 acquistar,
738 685 796 753 che
821 709 887 752 non
911 709 995 752 sono
1019 687 1097 774 perd
1114 687 1215 768 molti,
1241 711 1292 753 ma
1315 689 1386 754 tutti
1412 687 1431 754 li
1454 687 1568 775 gentil-

196 790 341 856 huomini
365 809 395 857 et
419 788 526 878 populi
552 814 618 858 non
642 790 776 879 gridano
796 795 837 858 n'e
861 790 1067 859 domandano
1092 791 1182 873 altr0‚
1207 793 1265 860 che
1281 791 1310 860 la
1327 795 1565 880 recuperatione

196 895 245 962 dei
268 895 401 982 figliuoli
426 894 476 962 del
498 919 533 962 re
557 908 588 964 et
609 895 638 963 la
661 920 753 985 pace,
784 910 816 965 et
839 921 895 986 per
922 911 1035 986 questo
1060 897 1169 965 effetto
1194 921 1262 965 non
1291 898 1567 986 perdonerienoa

197 1024 285 1089 spesa
308 1005 350 1068 ne
367 1025 384 1068 a
399 1001 490 1068 salica
506 1001 625 1069 alcuna.
664 1002 718 1069 Ma
734 1003 857 1071 benche
874 1001 1010 1071 habbino
1027 1015 1141 1093 questo
1158 1003 1314 1071 desiderio
1330 1016 1420 1072 tanto
1438 1005 1568 1092 grande,

197 1130 262 1174 non
288 1111 305 1174 ὲ
330 1105 369 1174 da
392 1106 524 1190 dubitar‚
549 1108 606 1177 che
624 1109 773 1176 cerchino
793 1133 810 1176 a
834 1109 878 1177 far
902 1112 911 1177 i
935 1109 989 1177 fini
1014 1109 1085 1176 loro
1109 1122 1140 1178 et
1156 1110 1265 1176 lasciar
1288 1112 1320 1177 in
1339 1110 1455 1199 praeda
1472 1111 1568 1194 Italia,

198 1213 255 1280 che
279 1212 360 1282 oltre
384 1214 410 1280 al
434 1238 501 1282 non
527 1215 641 1282 havere
664 1215 791 1297 voluto,
821 1215 979 1304 potend0,
1009 1215 1087 1284 farlo
1112 1217 1217 1284 insino
1241 1241 1258 1284 a
1282 1218 1349 1305 qui,
1379 1241 1568 1286 conoscono

198 1319 299 1387 molto
326 1319 423 1402 bene,
452 1321 510 1388 che
538 1321 705 1389 lacendolo
735 1345 775 1389 ne
803 1323 962 1391 resulteria
991 1322 1075 1390 forse
1098 1346 1165 1390 uno
1194 1322 1303 1390 effetto
1333 1322 1364 1390 di
1393 1325 1534 1391 rihavere
1560 1325 1568 1388 i

198 1424 340 1512 figliuoli,
364 1451 415 1494 tna
439 1450 505 1494 non
531 1427 632 1494 l'altro
657 1426 735 1496 della
759 1451 846 1516 pace,
871 1429 987 1516 perche
1016 1452 1205 1496 conoscono
1230 1443 1334 1510 certo,
1363 1429 1421 1496 clte
1444 1429 1569 1518 l’Impe-

198 1544 301 1598 ratore
324 1531 487 1620 subiugata
511 1533 596 1601 Italia
618 1533 722 1602 subito
746 1537 772 1601 si
795 1534 927 1602 volteria
955 1539 1015 1624 qul
1039 1548 1070 1602 et
1100 1535 1230 1602 harieno
1255 1534 1282 1602 la
1306 1558 1419 1623 guerra
1442 1538 1474 1602 in
1499 1559 1568 1603 casa

198 1649 230 1705 et
252 1661 321 1706 non
343 1639 481 1722 lontana,
507 1664 601 1708 come
625 1641 732 1709 hanno
760 1640 884 1708 adesso,
931 1629 956 1708 E
984 1643 1180 1725 certissimo,
1209 1641 1268 1710 che
1296 1665 1364 1708 non
1392 1643 1417 1707 si
1446 1664 1569 1708 curono

199 1743 229 1812 di
253 1747 406 1833 acquistar
430 1765 512 1814 stato
529 1745 642 1814 altuno
667 1749 699 1814 in
721 1746 808 1815 Italia
831 1771 852 1814 o
876 1748 1006 1829 altrove,
1032 1771 1083 1814 ma
1099 1749 1206 1815 hanno
1224 1746 1296 1815 solo
1320 1749 1422 1836 questi
1438 1746 1494 1814 fini
1511 1748 1569 1816 che

199 1849 241 1916 ho
265 1850 364 1918 detto.

303 1957 339 2023 Li
363 1957 512 2046 Inghilesi
541 1959 648 2026 hanno
678 1983 719 2026 un
748 1959 812 2027 line
837 1960 1005 2049 principale
1030 1958 1059 2027 di
1085 1959 1228 2027 abbassar
1251 1959 1282 2026 lo
1306 1959 1518 2047 Imperatore,
1549 1958 1570 2026 il

198 2061 288 2149 quale
317 2086 390 2150 pare
418 2063 489 2131 loro
519 2077 635 2153 troppo
664 2065 799 2153 grande,
832 2078 863 2133 et
891 2089 948 2154 per
971 2077 1100 2156 questo,
1129 2067 1188 2134 che
1217 2089 1284 2132 non
1314 2065 1333 2132 li
1368 2067 1463 2133 stimi.
1510 2066 1570 2132 Per

199 2181 308 2255 questa
332 2192 423 2236 causa
447 2169 645 2253 desiderano,
670 2171 728 2239 che
747 2170 870 2239 tendai
890 2170 1021 2260 figliuoli
1038 2171 1066 2238 al
1083 2172 1342 2252 Cristianissim0,
1366 2170 1474 2238 donde
1497 2193 1570 2259 pare

199 2275 257 2343 che
280 2274 426 2364 dependa
449 2299 526 2364 gran
543 2297 629 2366 parte
653 2277 733 2345 della
756 2301 810 2345 sua
829 2278 1011 2366 grandezza,
1037 2289 1068 2346 et
1091 2301 1158 2345 non
1181 2289 1277 2366 tenga
1301 2279 1333 2344 in
1349 2276 1435 2345 Italia
1451 2301 1484 2345 se
1501 2301 1568 2344 non

197 2381 325 2469 Napoli,
350 2401 381 2450 et
404 2382 518 2450 stando
542 2382 570 2450 le
595 2407 670 2451 cose
694 2383 858 2452 bilanciate
881 2388 958 2466 cosl,
982 2407 1125 2473 pensano
1150 2407 1276 2472 sempre
1300 2407 1386 2451 esser
1410 2383 1515 2451 arbitri
1539 2381 1570 2450 di

200 2499 312 2576 questo
343 2489 471 2575 giuoco.
526 2489 644 2556 Hanno
676 2489 696 2556 il
726 2514 760 2557 re
793 2503 824 2558 et
847 2489 867 2557 il
897 2489 1051 2558 cardinale
1081 2513 1206 2578 sempre
1235 2490 1433 2557 buonissimo
1462 2491 1570 2557 animo

200 2615 292 2659 verso
315 2593 357 2660 N.
383 2593 519 2682 Signore
542 2609 573 2662 et
597 2594 625 2661 la
649 2594 730 2662 Sede
752 2597 947 2683 Apostolica,
973 2607 1002 2663 et
1026 2595 1129 2663 molto
1154 2594 1327 2663 desiderata
1352 2608 1383 2663 et
1405 2615 1570 2683 procurata

200 2697 227 2764 la
250 2723 305 2766 sua
328 2699 513 2768 liberatione
520 2728 529 2784 ;
566 2714 596 2768 et
624 2703 657 2768 in
681 2702 843 2790 Hispagna
866 2701 1006 2789 pertale
1031 2701 1140 2768 effetto
1164 2703 1236 2770 tutti
1259 2701 1280 2768 li
1308 2701 1379 2769 loro
1404 2700 1571 2769 ambascia-

201 2807 262 2872 tori
287 2807 394 2872 hanno
419 2806 496 2874 fatto
521 2830 618 2896 opere
638 2806 865 2890 efficacissime,
890 2830 941 2875 ma
965 2830 1058 2895 sopra
1082 2809 1154 2875 tutti
1173 2807 1216 2896 gli
1240 2808 1307 2875 altri
1330 2805 1476 2875 l’auditor
1492 2807 1570 2875 della

202 2911 346 2994 Carnera,
370 2911 408 2979 da
433 2913 490 2980 che
513 2914 555 2980 N.
579 2914 715 3002 Signore
739 2937 806 2980 non
829 2915 932 3002 potria
955 2915 1008 3002 pilr
1032 2912 1218 2981 desiderare.

306 3018 363 3084 Fra
387 3019 405 3085 il
424 3019 674 3087 Cristianissimo
694 3032 725 3087 et
740 3020 927 3108 Inghilterra
950 3021 1055 3087 insino
1079 3043 1097 3086 a
1119 3021 1172 3108 qui
1197 3021 1223 3086 si
1247 3018 1327 3087 vede
1347 3043 1438 3087 amor
1454 3035 1484 3088 et
1501 3018 1572 3088 fede

200 3123 320 3211 grande
344 3138 376 3194 et
399 3125 513 3194 andare
537 3151 554 3193 a
583 3151 625 3192 un
655 3125 832 3193 medesimo
862 3127 1005 3207 camin0‚
1035 3138 1066 3193 et
1095 3138 1225 3193 costoro
1254 3128 1280 3192 si
1309 3124 1455 3192 ssorzano
1482 3138 1573 3194 tener

201 3230 274 3318 quel
297 3255 331 3298 re
356 3244 386 3299 et
409 3231 430 3298 il
454 3231 608 3300 cardinale
631 3231 805 3300 benissimo
830 3231 971 3299 satisfatti
995 3233 1028 3299 in
1052 3233 1129 3319 ogni
1154 3255 1238 3298 cosa.
1280 3219 1382 3299 Eben
1406 3255 1494 3314 vero,
1511 3233 1569 3300 che

202 3335 230 3402 la
252 3337 399 3405 tardanza
421 3337 452 3406 tli
473 3339 618 3427 Monsgr.
643 3337 816 3406 d'Autrech
840 3340 872 3405 in
889 3337 1079 3405 Lombardia
1102 3342 1119 3404 e
1142 3337 1245 3405 molto
1270 3336 1452 3426 dispiaciuta
1468 3361 1484 3404 a
1500 3339 1571 3426 quel

202 3465 235 3509 re
260 3457 330 3512 eta
354 3444 427 3533 quel
450 3446 556 3528 Rmo,
581 3459 611 3513 et
635 3469 675 3512 ne
698 3444 806 3511 hanno
830 3445 940 3512 scritto
965 3447 1025 3533 qud
1048 3443 1157 3512 lettere
1182 3443 1284 3513 molto
1309 3443 1395 3511 calde
1424 3457 1455 3511 et
1479 3443 1573 3511 vehe-

202 3552 318 3634 menti,
347 3563 378 3618 et
406 3549 484 3618 infra
512 3551 540 3618 le
569 3552 644 3618 altre
673 3551 693 3618 il
716 3550 871 3618 cardinale
899 3575 940 3618 ne
969 3552 1080 3618 scrisse
1109 3573 1171 3617 una
1198 3549 1248 3618 alli
1275 3551 1381 3638 giorni
1408 3549 1521 3638 passati
1545 3548 1573 3616 al

203 3657 386 3724 cancelliere
410 3656 576 3725 dolendosi
601 3657 712 3739 dilui,
742 3656 800 3724 che
823 3679 879 3745 per
902 3680 969 3724 non
998 3655 1148 3724 mandare
1175 3655 1196 3722 li
1228 3655 1334 3723 danari
1357 3657 1390 3722 in
1413 3654 1499 3723 ltalia
1522 3678 1573 3722 era

203 3785 304 3845 causa,
328 3763 386 3830 che
406 3763 568 3832 l'Autrech
591 3781 771 3852 soprastava
795 3775 826 3831 et
850 3785 917 3829 non
940 3762 1059 3830 andava
1083 3763 1196 3845 avanti,
1221 3785 1314 3829 come
1339 3784 1391 3828 era
1415 3759 1572 3828 ordinato.

307 3870 452 3958 Monsgr.
478 3869 638 3958 Staphileo
662 3868 747 3937 ando
771 3871 804 3936 in
827 3868 1012 3957 Inghiltetra
1037 3868 1128 3936 molti
1153 3867 1183 3936 dl
1207 3891 1307 3951 sono,
1336 3869 1494 3935 chiamato
1525 3864 1573 3933 dal

203 3975 369 4058 cardinale,
392 3980 433 4042 ne
457 3999 569 4064 sapeva
594 3975 655 4064 egli
679 3999 699 4042 o
724 3975 803 4044 altro
828 3975 856 4042 la
879 3998 986 4058 causa;
1010 3978 1035 4042 si
1060 3975 1174 4044 ritrahe
1198 3997 1285 4063 pure,
1311 3997 1395 4041 esser
1418 3995 1474 4062 per
1498 3996 1574 4041 con-

202 4082 297 4151 sultat
319 4106 387 4149 non
410 4105 447 4149 so
472 4083 530 4150 che
554 4105 627 4149 caso
651 4082 836 4170 particolare
860 4081 911 4150 del
934 4105 978 4163 re,
1003 4080 1034 4148 di
1063 4081 1121 4148 che
1144 4080 1228 4148 forse
1252 4081 1273 4148 il
1296 4080 1519 4168 protonotario
1536 4079 1574 4146 da

203 4188 359 4256 Gambara
389 4189 462 4256 hard
485 4188 604 4277 parlato
628 4211 691 4255 con
714 4189 756 4256 N.
780 4188 925 4276 Signore.

309 4314 404 4396 Paris,
434 4337 458 4380 1.
482 4315 596 4398 Januar
625 4315 715 4399 1528.

415 4506 443 4561 L.
463 4525 485 4565 c.
505 4525 530 4578 p.
552 4521 608 4575 145.
646 4497 718 4560 Uber
737 4507 896 4580 Staphyleus
915 4525 935 4562 s.
956 4507 1025 4561 oben
1046 4505 1091 4560 Nr.
1110 4521 1149 4576 ¹3·
1187 4507 1222 4560 Er
1241 4524 1296 4560 war
1315 4505 1427 4560 Bischof
1442 4523 1474 4558 zu
1492 4505 1574 4560 Sebe-

309 4597 369 4649 nico
388 4597 438 4650 seit
456 4595 517 4649 dem
536 4596 707 4666 Jahre1512‚
726 4595 783 4650 liess
802 4595 859 4650 sich
878 4596 948 4650 dann
967 4595 1049 4649 durch
1069 4594 1197 4648 Clemens
1212 4595 1270 4649 Vll.
1289 4594 1336 4648 das
1355 4594 1456 4648 Bistam
1476 4593 1529 4646 Dol
1548 4595 1575 4646 in

308 4684 465 4738 Frankreieh
479 4685 622 4748 verleihen,
642 4685 714 4738 ohne
727 4683 823 4756 jedoch
836 4685 862 4738 in
875 4684 972 4738 dessen
985 4683 1071 4737 Besitz
1084 4682 1218 4754 gelangen
1231 4699 1263 4736 zu
1277 4683 1392 4748 konnen,
1413 4680 1445 4734 da
1458 4679 1541 4734 Franz
1554 4681 1574 4735 l.

308 4773 362 4828 und
379 4773 493 4827 Kanzlet
511 4773 554 4827 Du
567 4773 628 4827 Prat
647 4775 725 4827 einen
745 4773 844 4828 andern
862 4771 1036 4838 Kandidaten,
1057 4771 1139 4825 Franz
1157 4771 1190 4824 de
1208 4770 1296 4836 Laval,
1316 4769 1357 4822 fur
1375 4769 1427 4822 den
1445 4769 1575 4840 Sprengel

309 4862 445 4916 bestimmt
463 4862 562 4916 hatten.
600 4861 680 4916 Arcti.
695 4862 779 4916 Vatie
799 4861 891 4916 Brevia
912 4860 1070 4915 Clem.V11.
1091 4877 1137 4931 per
1156 4857 1310 4912 Sadoletum
1335 4857 1352 4912 f.
1373 4872 1423 4911 222
1443 4857 1496 4912 und
1518 4873 1574 4927 317·

309 4951 421 5022 Wolsey
441 4950 525 5003 lernae
550 4950 594 5002 ihn
619 4967 661 5003 am
682 4950 878 5004 franzdsischen
899 4948 967 5002 Hose
992 4949 1109 5013 kennen,
1135 4947 1186 5001 und
1205 4965 1276 5000 zwar
1299 4957 1385 5000 zuerst
1408 4945 1446 5000 als
1466 4945 1576 5020 Gegner
