3810 5528
179 347 241 402 ¹529
259 332 387 388 Oktober.
1479 324 1540 384 133
1626 291 1634 298 ι

175 492 224 544 und
235 491 319 562 Klage
336 493 458 546 desselben
475 511 557 564 gegen
575 492 624 544 den
639 492 713 563 Papsl
733 493 785 544 arad
800 491 966 564 Campeggio,
984 493 1153 546 versolmende
1169 493 1296 565 Wirlrurrg
1315 494 1357 546 des
1369 495 1464 548 Breues
1482 514 1541 549 vom

176 595 213 648 29.
234 579 340 652 August.
371 581 493 634 Abschied
509 582 552 633 eles
571 580 713 634 Kardr'nals
732 582 784 633 rand
803 581 906 634 Abreise
924 599 976 634 von
995 581 1109 635 london.
1150 581 1281 654 Englisclre
1296 581 1489 655 Gesandtsclrafl
1507 601 1541 637 an

174 668 218 719 den
239 667 340 722 Kaiser.

276 809 456 898 Magnifice.
492 811 610 878 Vostra
626 811 772 900 Signoria
795 815 862 878 sara
886 823 964 879 stata
987 811 1077 878 molti
1094 812 1200 898 giomi
1223 836 1317 879 senza
1341 814 1404 879 mie
1420 813 1542 895 lettere,

174 926 203 980 et
226 915 250 981 la
277 939 368 983 causa
394 921 410 984 ὲ
434 928 527 999 31313,
556 917 614 984 che
639 917 785 985 havendo
809 918 841 984 io
865 919 966 1004 prima
994 919 1111 1006 scripto
1133 919 1187 1005 pih
1210 918 1296 985 volte
1321 930 1352 986 et
1375 917 1542 1008 capitando

174 1022 223 1109 qui
251 1044 267 1087 a
292 1020 408 1090 diversi
436 1022 546 1090 lettere
574 1047 666 1090 senza
695 1025 790 1091 niuna
818 1047 835 1089 a
863 1046 931 1106 me,
961 1027 1002 1090 ne
1030 1023 1061 1090 di
1083 1024 1124 1089 V.
1149 1023 1192 1106 S,
1220 1028 1261 1091 ne
1290 1024 1406 1107 d’altri‚
1434 1025 1541 1114 pensai

174 1151 264 1195 come
288 1151 387 1196 ancor
410 1128 517 1212 credo,
542 1127 652 1197 ch’elle
676 1131 720 1196 mi
744 1127 864 1196 fussino
889 1130 1078 1217 intercepte,
1106 1128 1229 1197 benche
1252 1155 1368 1198 ancora
1391 1154 1448 1220 per
1471 1130 1543 1214 l’ab-

173 1235 270 1301 sentia
299 1234 350 1301 del
376 1258 411 1302 re
440 1247 471 1302 et
495 1235 589 1304 Rmo.
614 1235 812 1303 Eboracense
843 1237 875 1302 io
900 1258 967 1302 non
996 1235 1126 1303 havessc
1155 1259 1229 1303 cosa
1259 1235 1362 1324 degna
1389 1235 1542 1306 d'adviso.

172 1341 303 1408 Havevo
327 1365 408 1408 anco
432 1343 543 1409 notitia
568 1341 607 1409 de
631 1343 658 1408 13
680 1344 883 1423 avocatione,
908 1344 1057 1409 citatione
1081 1355 1112 1410 et
1136 1342 1340 1424 inhibitione,
1370 1345 1463 1412 etiam
1488 1367 1544 1433 per

173 1445 309 1515 edictum
334 1449 473 1515 constito
498 1448 537 1516 de
561 1471 627 1515 non
651 1459 721 1516 tuto
744 1471 882 1531 accessu,
907 1447 992 1516 onde
1016 1460 1178 1536 aspettavo
1201 1472 1270 1538 pur,
1301 1449 1359 1516 che
1382 1449 1411 1516 le
1435 1449 1544 1517 lettere

173 1565 202 1618 et
228 1552 315 1620 brevi
344 1554 514 1622 authentici
539 1555 727 1643 capitassino
753 1566 783 1621 et
806 1557 833 1620 si
860 1567 987 1642 potesse
1016 1554 1080 1622 lare
1103 1553 1164 1622 tale
1193 1568 1274 1638 acto,
1303 1555 1361 1623 che
1386 1554 1478 1622 nobis
1501 1555 1544 1624 le-

172 1660 249 1746 gatis
274 1678 381 1727 essent
404 1660 516 1749 ligatae
539 1683 663 1742 manus,
695 1659 753 1727 che
777 1662 829 1748 gia
851 1660 930 1728 altro
954 1683 1021 1726 non
1046 1662 1091 1727 mi
1113 1672 1235 1728 restava
1258 1660 1296 1728 da
1320 1660 1384 1728 sare
1407 1684 1463 1750 per
1486 1684 1544 1750 po·

172 1776 236 1831 tere
265 1763 448 1834 dimandare
476 1766 616 1848 licentia,
648 1778 679 1834 et
708 1769 773 1833 cosi
802 1788 869 1832 non
899 1767 943 1844 mi
972 1778 1088 1854 poteva
1116 1777 1250 1834 mettere
1274 1791 1291 1833 a
1314 1768 1460 1836 scrivere.
1507 1769 1546 1836 Et

172 1870 284 1938 stando
312 1872 345 1937 in
369 1891 478 1960 questa
502 1873 721 1960 expectatione
749 1871 792 1940 fui
815 1873 968 1939 ricercato
992 1871 1040 1940 dal
1064 1873 1159 1940 Rmo.
1184 1872 1383 1940 Eboracense
1407 1898 1424 1941 a
1446 1886 1545 1942 trans-

172 1975 288 2044 lerirmi
313 1976 351 2044 ad
377 2001 437 2044 una
460 2001 515 2044 sua
531 1977 602 2046 villa
625 1976 711 2046 detta
727 1978 830 2060 More,
855 1978 937 2046 dove
962 1978 1000 2045 ha
1024 2002 1067 2046 un
1084 1977 1256 2046 bellissimo
1280 1979 1404 2068 palazzo
1431 1999 1461 2048 et
1478 1985 1545 2048 cosi

173 2085 201 2148 vi
224 2082 332 2165 andai,
361 2095 392 2150 et
415 2083 436 2149 il
460 2082 489 2149 (11
513 2095 667 2171 seguente
695 2082 734 2151 da
757 2083 785 2150 la
812 2085 876 2154 mia
899 2096 1029 2166 venuta,
1059 2084 1117 2151 che
1141 2083 1174 2151 fu
1202 2085 1251 2151 alli
1276 2086 1305 2152 V
1330 2085 1380 2154 del
1408 2105 1544 2175 passat0,

172 2187 209 2257 da
232 2190 260 2256 la
275 2209 377 2257 corte
406 2188 456 2257 del
485 2213 518 2257 re
542 2213 559 2256 a
582 2191 644 2256 Sua
667 2190 814 2278 Signoria
837 2191 927 2259 Rma.
957 2189 1073 2260 surono
1097 2191 1237 2258 mandati
1260 2190 1313 2258 dui
1341 2191 1428 2260 brevi
1456 2205 1544 2261 sotto

172 2293 199 2362 13
221 2296 396 2365 medesima
421 2294 505 2378 data,
534 2295 629 2364 credo
655 2295 686 2364 di
709 2296 788 2363 XIX
813 2295 845 2362 di
867 2295 975 2384 luglio,
1004 2296 1092 2364 l'uno
1116 2319 1210 2386 sopra
1232 2297 1261 2364 la
1284 2297 1544 2366 confederatione

172 2401 244 2470 13113
268 2425 330 2470 con
355 2402 486 2483 Cesare‚
514 2400 616 2468 l'altro
640 2424 734 2490 sopra
761 2401 789 2470 13
812 2403 1000 2470 avocatione
1010 2407 1031 2484 ¹,
1060 2415 1091 2470 et
1114 2402 1263 2471 vedendo
1286 2405 1319 2470 in
1342 2402 1431 2470 l'uno
1456 2415 1486 2470 et
1510 2403 1543 2469 in

172 2509 272 2577 l’altro
289 2508 441 2577 credenza
465 2511 497 2576 in
521 2532 585 2591 me,
610 2520 640 2576 et
664 2531 731 2576 non
748 2510 924 2596 comparire
948 2508 1024 2577 altre
1039 2509 1160 2592 lettere,
1185 2511 1229 2576 mi
1252 2510 1358 2578 alterai
1382 2509 1542 2599 alquaut0,

173 2629 202 2684 et
225 2617 250 2682 si
273 2615 341 2683 fece
366 2617 443 2703 ogni
468 2614 628 2703 diligentia
652 2637 707 2704 per
731 2614 908 2696 ritrovarle,
932 2638 984 2682 ma
1007 2638 1074 2684 non
1098 2617 1128 2683 vi
1151 2615 1184 2683 fu
1208 2614 1330 2697 ordine,
1357 2613 1541 2683 scusandosi

173 2723 242 2804 essi,
267 2721 325 2789 che
349 2745 366 2787 a
389 2720 460 2788 loro
484 2723 570 2788 mani
595 2743 662 2786 non
686 2744 782 2788 erano
808 2722 949 2808 capitate.
996 2720 1122 2789 Tamen
1145 2721 1165 2788 li
1189 2721 1266 2790 detti
1289 2721 1376 2790 brevi
1399 2745 1541 2813 vennero

171 2831 202 2895 in
225 2841 348 2916 temp0,
372 2828 489 2916 perche
513 2849 606 2914 sopra
630 2829 691 2894 essi
713 2829 739 2893 si
763 2826 881 2895 fabrico
909 2826 1010 2894 modo
1035 2826 1066 2895 di
1089 2826 1152 2894 sare
1176 2827 1204 2894 la
1227 2829 1427 2896 intimatione
1452 2827 1490 2896 de
1514 2827 1542 2894 13

172 2936 357 3002 avocatione
381 2933 419 3000 ad
444 2933 564 3015 effett0,
594 2933 652 3001 che
675 2933 767 3000 nobis
795 2933 905 3022 legatis
929 2945 1035 3001 essent
1059 2935 1194 3000 omnino
1218 2934 1330 3022 ligatae
1359 2958 1482 3018 manus,
1511 2947 1542 3002 et

173 3043 222 3130 qui
246 3039 277 3107 fu
296 3039 333 3108 da
350 3040 528 3108 consultare
552 3041 631 3106 assai
648 3051 678 3106 et
694 3062 752 3128 pro
768 3052 856 3128 parte
878 3041 962 3128 regis
985 3051 1016 3106 et
1032 3061 1090 3127 pro
1105 3051 1193 3126 parte
1217 3041 1353 3128 reginae.
1392 3039 1541 3108 Tandem

173 3149 196 3212 si
220 3146 369 3214 concluse
398 3169 460 3213 una
487 3144 590 3213 forma
618 3144 866 3228 d’intimatione‚
896 3146 925 3212 la
948 3145 1038 3235 quale
1066 3168 1122 3233 per
1151 3169 1193 3212 un
1217 3159 1423 3234 procuratore
1451 3147 1489 3214 de
1514 3146 1541 3214 la

172 3257 256 3320 reina
280 3255 307 3320 ci
336 3253 369 3320 fu
391 3251 465 3319 latta
495 3253 528 3318 in
551 3251 656 3319 buona
686 3251 805 3334 forma,
835 3264 955 3342 quanto
983 3251 1022 3320 ad
1050 3252 1135 3319 hunc
1164 3251 1327 3335 effectum,
1357 3252 1444 3341 quod
1473 3276 1540 3320 non

173 3361 330 3446 possimus
354 3381 413 3426 nec
436 3358 545 3447 aliquis
569 3370 715 3426 nostrum
738 3359 839 3446 possit
862 3359 941 3426 ultra
964 3359 1132 3448 quicquam
1155 3369 1316 3426 attentare.

275 3465 366 3533 Fatto
391 3482 503 3553 questo
528 3463 654 3532 mandai
678 3489 695 3531 a
718 3463 900 3532 dimandare
924 3464 1081 3533 audientia
1104 3464 1198 3547 alre,
1229 3464 1257 3531 13
1281 3463 1370 3554 quale
1394 3487 1449 3552 per
1472 3462 1540 3530 131-

173 3573 237 3638 rivo
262 3570 294 3638 di
323 3595 366 3638 un
389 3583 515 3638 oratore
540 3569 570 3636 di
594 3570 711 3638 Cesare
738 3571 771 3637 in
795 3569 889 3660 quelli
916 3572 1041 3658 giomi¹
1064 3572 1108 3638 mi
1131 3570 1163 3638 fu
1186 3569 1332 3638 ritardata
1362 3593 1423 3637 una
1447 3570 1541 3658 septi-

173 3691 277 3760 mana,
307 3689 338 3744 et
360 3677 483 3745 intanto
508 3677 696 3765 capitorono
719 3677 749 3744 le
773 3675 949 3765 dupplicate
978 3676 1009 3744 di
1033 3678 1073 3744 V.
1098 3677 1129 3743 S.
1155 3676 1185 3744 di
1213 3677 1292 3744 XIX
1317 3695 1348 3743 et
1371 3675 1480 3743 XXllI
1508 3675 1539 3743 di

172 3781 277 3871 luglio,
308 3794 418 3851 tenute
447 3781 514 3849 fino
544 3781 571 3848 al
599 3783 703 3871 primo
732 3781 890 3870 d'agosto‚
920 3802 950 3850 et
974 3783 1002 3850 le
1030 3784 1131 3870 prime
1161 3805 1222 3849 con
1251 3783 1278 3848 la
1307 3781 1539 3870 capitulatione,

172 3889 277 3957 ch'ella
310 3891 410 3957 scrive
441 3889 535 3956 haver
566 3887 714 3956 mandate
743 3899 774 3956 et
806 3888 901 3957 haver
929 3887 1049 3971 adviso,
1082 3888 1192 3956 ch’elle
1223 3888 1386 3957 havevano
1414 3899 1539 3978 passato

172 3996 331 4077 Fiorenza‚
355 4018 422 4063 non
439 4017 643 4084 comparsero
660 3995 732 4062 mai.
773 3994 875 4063 Andai
892 3994 1038 4084 adunque
1062 3994 1123 4062 313
1138 3995 1260 4063 Maesta
1282 3997 1368 4083 regia
1384 3995 1413 4062 al
1427 4007 1538 4084 tempo

172 4114 297 4184 statuto,
327 4120 359 4170 et
381 4101 491 4169 vuolse
518 4101 547 4168 la
570 4101 675 4169 buona
705 4113 806 4183 sorte,
836 4102 895 4168 che
923 4100 995 4192 quel
1024 4099 1055 4169 dl
1079 4100 1269 4184 medesimo,
1297 4103 1400 4170 avanti
1428 4102 1487 4168 che
1510 4101 1539 4168 le

274 4339 284 4371 ¹
303 4331 359 4386 Das
372 4331 458 4386 Breve
478 4331 541 4384 saber
559 4331 610 4385 den
623 4330 765 4386 Abschluls
784 4331 831 4386 des
843 4329 969 4385 Friedens
987 4333 1036 4386 mit
1049 4331 1112 4386 Karl
1125 4332 1157 4386 V.
1177 4332 1248 4386 steht
1261 4333 1338 4385 Brev.
1351 4331 1414 4385 min.
1429 4329 1469 4385 Cl.
1480 4330 1538 4384 Vll.

172 4403 220 4458 vol.
241 4403 282 4470 26,
303 4421 328 4458 n.
347 4403 407 4474 296,
427 4401 555 4472 gedruclrt
573 4401 617 4456 bei
635 4401 762 4474 Rayndd,
785 4417 859 4474 1529,
879 4419 904 4455 n.
925 4401 967 4468 66,
990 4407 1061 4525 scalpi
1080 4403 1143 4456 aber
1160 4402 1206 4456 das
1225 4403 1325 4456 Datum
1344 4419 1409 4455 vom
1425 4402 1463 4455 18.
1479 4400 1538 4472 Juli.

172 4474 223 4527 Das
242 4473 327 4528 Breve
346 4489 410 4526 vom
433 4488 472 4554 ¹9·
491 4472 542 4544 Juli
561 4473 625 4527 uber
644 4473 686 4527 die
705 4473 872 4527 Revolration
891 4489 912 4526 s.
931 4473 1002 4526 oben
1048 4491 1067 4527 r.
1090 4474 1128 4541 58.

274 4544 399 4597 ’Dieser
416 4542 517 4598 karserl.
537 4543 673 4598 Gesandte
692 4544 725 4598 ist
743 4543 900 4598 Eustachius
920 4543 1045 4614 Chapuis‚
1064 4543 1161 4597 dessen
1179 4542 1538 4614 Beglaubigungsschreiben

171 4614 250 4670 durch
267 4615 320 4668 den
339 4614 433 4668 Kaiser
449 4631 521 4668 zwar
539 4623 592 4698 esst
611 4630 673 4669 vom
692 4629 734 4681 24.
753 4615 911 4697 September
931 4629 1006 4683 1529,
1025 4631 1071 4667 aus
1084 4614 1213 4696 Placenza
1232 4613 1325 4667 datiert
1345 4614 1472 4696 (Brevver,
1491 4613 1537 4668 lV.

171 4683 1537 4836 1111111111111111111111111111111111111111111111111111

171 4825 236 4880 liche
255 4825 421 4897 Eiuffihrung
439 4827 467 4880 in
485 4827 527 4880 die
546 4826 692 4880 Geschilte
711 4837 765 4880 erst
783 4845 827 4881 am
845 4826 870 4882 6.
890 4826 1012 4880 Oktober
1030 4825 1153 4897 erlolgte.
1190 4826 1215 4880 S.
1235 4827 1309 4879 seine
1326 4825 1472 4880 Schreiben
1491 4842 1538 4879 aus

171 4897 325 5021 Septembler
343 4897 397 5022 appel
410 4896 531 5021 Okpplber
550 4898 592 4951 bei
604 4896 760 4968 Gayangos,
778 4897 824 4952 lll.
844 4916 869 4969 p.
891 4897 948 4968 189,
965 4911 1021 4968 195,
1036 4911 1095 4963 222,
1109 4911 1168 4966 271.
1205 4896 1363 4950 Friedmann
1382 4896 1398 4952 l.
1417 4914 1440 4950 c.
1460 4897 1537 4950 chro-

170 4985 205 5021 no
215 4969 292 5040 ogica
319 4978 346 5022 ta
375 4984 434 5039 ep.
490 5010 496 5022 .
