3842 5532
983 461 1091 551 XIV.

618 643 669 710 An
692 642 836 728 Jacobo
860 642 1027 710 Salviati.
1080 665 1127 730 13.
1151 641 1337 710 November
1365 641 1457 727 1528.

458 821 637 890 Mitteilungm
657 821 699 872 des
717 837 763 873 atas
783 819 904 890 Englaud
922 819 1154 889 inrecta-chronon
1167 818 1374 888 florentinischen
1392 818 1534 872 Gesandten
1557 816 1695 870 Pertineri.

455 978 691 1047 Pierfrancesco
715 978 885 1060 Portinari,
914 978 972 1045 che
1001 1001 1053 1044 era
1082 976 1308 1044 antbasciatore
1333 977 1518 1044 Fiorentino
1543 977 1575 1042 in
1605 973 1722 1062 Inghil·

349 1100 441 1170 terra‚
466 1091 483 1152 ὲ
507 1097 626 1154 venuto
651 1085 750 1172 hoggi
775 1097 805 1152 et
829 1096 919 1173 porta
943 1106 1027 1171 poco
1051 1106 1161 1151 nuovo
1186 1083 1217 1150 di
1240 1082 1342 1172 quella
1365 1081 1453 1163 isola,
1472 1080 1560 1148 salvo
1584 1081 1643 1148 che
1671 1081 1723 1166 gih

350 1216 447 1260 erano
472 1191 617 1259 destinati
641 1189 757 1278 giudici
781 1213 875 1278 sopra
902 1189 931 1256 la
955 1213 1045 1257 causa
1077 1188 1127 1258 del
1151 1190 1358 1256 matrimonio
1381 1187 1403 1254 li
1431 1187 1485 1254 dui
1508 1188 1591 1255 Rmi.
1617 1187 1722 1273 legati,

350 1312 380 1366 et
405 1300 568 1366 havevano
592 1297 670 1365 fatto
695 1295 842 1364 intendet
865 1295 922 1363 alla
945 1298 1064 1383 regina,
1088 1297 1147 1363 che
1171 1294 1363 1384 producesse
1392 1295 1420 1361 le
1448 1295 1581 1380 ragione
1611 1315 1667 1359 sue
1691 1304 1724 1358 et

349 1405 446 1472 datoli
469 1403 592 1485 facoltai,
616 1403 674 1470 che
697 1401 816 1469 facesse
840 1403 928 1470 venir
952 1401 1095 1470 advocati
1119 1401 1158 1469 da
1175 1400 1327 1469 defendet
1350 1400 1377 1467 la
1401 1423 1492 1468 causa
1515 1423 1581 1482 sua,
1605 1397 1723 1486 perche

349 1512 428 1578 saria
451 1510 525 1578 dato
548 1510 620 1577 loro
637 1508 723 1576 salvo
741 1507 908 1590 condotto,
933 1509 1020 1576 accio
1043 1508 1072 1575 la
1093 1531 1166 1574 cosa
1190 1509 1215 1574 si
1232 1519 1360 1594 potesse
1375 1517 1483 1574 trattar
1499 1504 1722 1586 liberamente;

350 1640 401 1684 ma
429 1616 479 1684 dal
507 1617 603 1684 Rm0.
632 1615 833 1703 Campeggio
862 1638 930 1682 non
960 1614 1003 1681 ho
1031 1614 1062 1682 di
1091 1626 1204 1703 questo
1235 1615 1323 1681 aviso
1356 1635 1496 1680 nessuno
1532 1623 1563 1679 et
1596 1635 1648 1677 ine
1679 1634 1721 1678 ne

349 1722 533 1810 maraviglio
557 1721 759 1789 havendome
782 1723 903 1803 scritt0‚
927 1721 986 1788 che
1009 1720 1082 1809 quel
1097 1743 1131 1787 re
1155 1720 1199 1787 fra
1222 1719 1309 1787 brevi
1332 1719 1439 1806 giorni
1457 1717 1569 1784 voleva
1593 1715 1722 1804 expedit

348 1853 365 1895 a
388 1829 429 1896 N.
455 1828 599 1915 Signore.
646 1827 788 1894 Affernta
811 1827 831 1893 il
854 1828 1032 1908 Portinar0,
1057 1827 1115 1894 che
1139 1824 1240 1915 quelht
1263 1825 1384 1892 Maesta
1414 1836 1444 1891 et
1473 1823 1493 1889 il
1517 1824 1612 1891 Rmo.
1638 1821 1720 1889 Ebo-

348 1958 476 2001 racense
501 1934 607 2000 hanno
632 1946 717 2000 tanta
740 1932 908 2000 affectione
934 1946 964 1999 et
987 1955 1096 2000 amore
1121 1956 1136 1998 a
1160 1932 1200 1999 N.
1225 1932 1371 2020 Signnre,
1397 1931 1455 1998 che
1480 1953 1620 1997 nessuno
1637 1951 1670 1994 se
1687 1928 1719 1994 lo

348 2041 450 2128 potria
473 2040 611 2108 stimate.

458 2184 506 2250 13.
530 2161 718 2230 November
747 2164 839 2247 1528.

559 2338 588 2393 L.
608 2356 631 2393 c.
650 2357 675 2410 p.
692 2353 748 2408 344.
786 2339 812 2392 S.
826 2337 1010 2410 Campeggios
1031 2338 1136 2392 Bericht
1156 2355 1219 2391 vom
1245 2338 1285 2392 26.
1306 2336 1427 2392 Oktober
1445 2337 1516 2390 oben
1534 2336 1560 2390 S.
1583 2337 1622 2404 58.
1653 2334 1719 2387 Por-

453 2426 529 2480 tinari
548 2427 629 2481 nahm
643 2431 732 2498 spater
750 2427 844 2480 ander
863 2426 1079 2480 florentinischen
1093 2425 1299 2480 Gesandtschaft
1318 2425 1518 2479 zuClem.V11.
1538 2424 1591 2476 und
1610 2424 1671 2477 Karl
1685 2423 1719 2477 V.

454 2517 520 2571 nach
544 2516 667 2586 Boiogna
691 2516 745 2570 teil.
783 2515 923 2581 Giordani,
948 2514 1024 2568 Delia
1044 2525 1141 2570 tenuta
1160 2524 1209 2569 etc.
1235 2533 1259 2585 p.
1282 2531 1320 2584 57.
1359 2513 1538 2568 Archvatic.
1557 2513 1633 2566 Brev.
1654 2513 1720 2567 min.

453 2605 504 2661 voi.
526 2607 602 2659 2611.
622 2604 683 2670 460.

993 2817 1078 2899 XV.

618 2994 668 3058 An
692 2989 835 3076 Jacobo
860 2990 1028 3059 Salviati.
1079 3012 1128 3078 14.
1153 2991 1330 3059 Dezember
1359 2993 1451 3077 1528.

454 3167 487 3221 Es
504 3167 573 3220 wird
584 3167 652 3219 wohl
669 3167 729 3220 tiber
740 3168 803 3236 leura
820 3167 881 3220 oder
893 3169 955 3238 lang
973 3167 1052 3220 dahin
1070 3167 1183 3220 konnnen
1202 3173 1308 3232 natissen,
1325 3168 1384 3236 dass
1400 3169 1442 3220 die
1459 3168 1583 3238 maglische
1597 3167 1721 3221 Ebesache

347 3275 380 3311 an
404 3257 452 3308 den
476 3255 551 3327 Papst
573 3273 619 3324 zar
643 3255 829 3326 Entscheidung
851 3256 1011 3326 <antchona
1032 3287 1065 3294 —
1088 3256 1159 3308 Zwei
1182 3273 1243 3308 nem
1267 3256 1391 3327 cng‘lische
1412 3255 1537 3309 Gesandte
1559 3255 1623 3309 noch
1647 3255 1720 3321 Rom,

347 3346 423 3398 fieren
444 3343 564 3414 Smdung
578 3343 715 3414 jedensalls
733 3343 796 3396 atich
813 3343 998 3414 hauptsdchlich
1016 3343 1083 3396 diese
1103 3343 1181 3396 Sache
1198 3361 1254 3412 tuan
1272 3343 1446 3415 Gegenstande
1464 3344 1515 3397 hat.

450 3502 485 3569 Io
510 3502 553 3568 ho
576 3503 687 3570 scritto
711 3503 764 3590 pia'1
788 3501 873 3569 volte
897 3500 925 3567 al
948 3502 1042 3570 Rmo.
1067 3501 1267 3590 Campeggio
1292 3514 1323 3570 et
1346 3502 1550 3590 ricordatogli
1578 3502 1605 3569 la
1629 3525 1719 3570 eom-

349 3609 501 3676 missione
530 3606 560 3674 di
584 3608 626 3674 N.
650 3609 787 3696 Signore
817 3619 848 3674 et
876 3608 918 3674 ho
947 3607 1124 3694 giudicat0,
1156 3631 1222 3674 non
1253 3631 1339 3675 esser
1369 3629 1470 3697 punto
1503 3632 1520 3676 a
1551 3611 1718 3697 proposito

348 3711 510 3781 mandarvi
534 3737 576 3781 un
601 3714 723 3780 huomo
747 3736 803 3801 per
825 3736 893 3780 non
917 3725 1032 3780 metter
1055 3725 1215 3801 sospetto;
1250 3737 1302 3781 rna
1325 3717 1369 3781 mi
1393 3737 1485 3802 pare,
1510 3715 1620 3782 chela
1643 3738 1719 3783 cosa

348 3820 418 3887 vadi
440 3833 531 3887 tanto
555 3821 587 3886 in
611 3821 711 3906 lungo
735 3831 766 3887 et
789 3818 881 3885 habbi
903 3831 990 3886 tante
1013 3817 1178 3902 difficulta,
1208 3820 1266 3887 che
1294 3844 1311 3887 a
1335 3821 1376 3888 N.
1401 3821 1537 3908 Signore
1566 3825 1646 3889 stara
1678 3823 1718 3888 ri·

347 3926 452 3994 solvet
474 3939 584 4015 questa
608 3927 748 4008 materia,
773 3948 866 3993 come
889 3927 942 4014 pit
965 3924 986 3991 li
1009 3928 1098 4013 parth
1121 3924 1308 4013 expediente
1332 3939 1363 3994 et
1380 3927 1438 3994 che
1462 3927 1482 3993 li
1506 3929 1605 4015 tempi
1629 3951 1718 3995 com-

347 4043 553 4121 porteranno,
578 4031 597 4098 il
622 4033 681 4099 che
705 4033 749 4098 nti
772 4055 845 4121 pare
869 4031 972 4100 molto
996 4055 1013 4098 a
1036 4034 1213 4120 proposito.

454 4137 569 4219 Questi
593 4135 646 4204 dui
670 4137 880 4205 imbasciatori
903 4137 1029 4225 Inglesi‚
1053 4137 1074 4204 li
1097 4138 1178 4228 quali
1202 4161 1338 4206 saranno
1363 4139 1531 4209 exhibitori
1553 4139 1584 4208 di
1608 4153 1719 4231 questa

347 4244 467 4326 lettera,
491 4266 574 4310 sono
598 4245 668 4312 stati
693 4267 786 4310 meco
810 4267 828 4310 a
850 4244 949 4330 lungo
974 4255 1005 4311 et
1027 4244 1193 4332 parlatomi
1217 4269 1272 4332 per
1303 4259 1390 4333 parte
1418 4245 1468 4314 del
1496 4246 1567 4314 loro
1591 4247 1717 4315 Sermo,

347 4373 381 4416 te
406 4362 437 4416 et
459 4349 555 4416 Rmo.
580 4348 789 4431 Eboracense,
814 4348 1008 4432 dicendomi,
1034 4350 1091 4418 che
1107 4373 1191 4418 sono
1216 4350 1355 4419 mandati
1376 4353 1637 4440 principalmente
1661 4377 1719 4442 per

347 4454 517 4544 persuadet
540 4455 581 4522 N.
606 4455 742 4542 Signore
766 4455 887 4523 avoler
903 4467 1010 4523 trattar
1032 4456 1061 4522 la
1077 4480 1153 4544 pace
1177 4470 1207 4524 et
1231 4458 1372 4546 proporli
1388 4459 1519 4548 qualche
1543 4459 1643 4526 modo
1661 4483 1718 4548 per

348 4561 433 4643 faria,
458 4572 490 4628 et
514 4584 629 4628 ancora
652 4584 707 4650 per
732 4560 891 4630 confortat
906 4561 949 4629 N.
966 4563 1101 4650 Signore
1125 4587 1141 4630 a
1165 4563 1298 4651 guardar
1319 4563 1346 4631 la
1363 4587 1498 4653 persona
1522 4589 1576 4632 sua
1597 4579 1628 4634 et
1649 4589 1718 4634 non

348 4667 375 4734 ia
399 4665 560 4735 confidare
583 4668 615 4734 in
638 4668 724 4734 niani
741 4667 813 4735 dell'
836 4667 1002 4755 imperiali,
1027 4671 1092 4736 cosi
1116 4693 1172 4758 per
1193 4669 1324 4759 qualche
1342 4671 1495 4738 interesse
1519 4671 1568 4740 del
1585 4695 1619 4741 re
1635 4674 1718 4742 circa

347 4772 404 4841 alla
428 4797 530 4856 causa,
554 4772 612 4840 che
636 4775 662 4840 si
678 4775 759 4862 agita
784 4775 815 4839 in
831 4773 1028 4861 inghilterra,
1052 4775 1079 4842 la
1103 4775 1193 4864 quale
1217 4775 1313 4844 credo
1338 4778 1396 4845 che
1413 4779 1457 4844 sia
1481 4777 1616 4846 lacausa
1633 4781 1719 4868 prin-

348 4880 445 4968 cipale
470 4878 548 4946 delia
572 4879 642 4944 loro
665 4899 790 4946 venuta.
838 4881 878 4946 Di
904 4881 962 4947 che
987 4883 1029 4948 ho
1053 4883 1185 4969 piacere‚
1215 4885 1346 4971 perche,
1375 4897 1494 4973 quanto
1522 4887 1575 4973 pit
1605 4899 1718 4976 tempo
