3850 5534
325 320 344 382 8
402 323 404 331 '
1449 337 1601 392 Deaember
1622 351 1688 406 1527

325 493 503 562 sanctitatis
527 493 612 562 luctu
631 507 662 563 et
686 493 808 584 publica
830 496 928 563 totius
945 495 1177 564 christianitatis
1200 495 1437 585 perturbatione
1460 496 1555 565 velim
1579 519 1695 565 conso-

325 600 478 668 lationem
501 599 595 668 ullam
613 599 770 684 adhibere,
795 600 839 668 nil
862 600 945 670 aliud
961 625 1015 669 me
1037 621 1278 692 assequuturum
1301 601 1407 686 vide0‚
1432 626 1526 692 quam
1548 621 1581 670 ut
1597 603 1695 671 utrin-

325 729 386 795 que
411 730 449 775 ex
471 717 557 774 tanta
579 705 760 775 infelicitate
783 727 977 797 conceptum
1000 731 1134 796 augeam
1159 706 1317 792 dolorem,
1341 732 1436 799 quem
1460 709 1509 777 vel
1532 709 1610 776 haec
1632 733 1694 777 una

325 815 405 879 ratio
429 811 527 880 multa
551 814 582 880 in
607 825 694 902 parte
717 815 780 881 iam
803 825 912 902 posset
936 813 1090 897 emollire,
1113 838 1149 882 ac
1173 838 1211 882 ex
1238 826 1304 883 tam
1327 814 1472 903 gravibus
1500 813 1695 883 successibus

326 941 396 985 eam
412 920 510 986 animi
525 918 745 988 fortitudinem
762 919 915 988 Sanctitas
932 921 1046 988 Vestra
1069 920 1208 989 induisse
1224 920 1328 1006 debet,
1351 933 1385 990 ut
1401 923 1598 1011 optimorum
1618 945 1694 990 con·

326 1023 469 1092 siliorum
486 1026 518 1092 in
535 1025 718 1094 universalis
734 1025 963 1115 tranquillitatis
986 1027 1119 1114 gratiam
1141 1039 1233 1096 antea
1256 1039 1477 1116 susceptorum
1501 1028 1694 1096 conscientia

326 1129 414 1213 freta,
437 1133 582 1219 graviora
604 1131 689 1200 nulla
704 1131 840 1222 pericula
863 1133 911 1199 his
934 1155 1014 1222 quae
1038 1155 1127 1220 passa
1143 1144 1191 1200 est
1211 1133 1344 1222 amplius
1366 1135 1477 1202 timeat
1499 1134 1694 1201 meminerit-

326 1260 398 1327 que,
422 1237 495 1305 Deo
520 1237 600 1306 duce
623 1262 657 1307 se
681 1251 884 1329 sanctamque
901 1238 1066 1306 ecclesiam
1089 1257 1162 1327 post
1184 1251 1249 1307 tarn
1266 1263 1379 1308 saevos
1401 1251 1566 1330 superatos
1580 1239 1695 1307 fluctus

327 1343 359 1409 in
383 1344 549 1431 pristinum
574 1343 777 1433 splendorem
801 1344 992 1435 quandoque
1015 1346 1192 1414 restitutam
1215 1347 1262 1428 iri,
1286 1369 1322 1414 ac
1338 1359 1403 1414 tam
1426 1348 1605 1435 ingentium
1629 1369 1694 1413 ma-

326 1449 431 1516 lorum
454 1451 708 1520 recordationem
732 1453 864 1520 Vestrae
888 1451 1050 1518 Sanctitati
1073 1450 1308 1520 oblectamento
1331 1451 1477 1519 futuram.
1523 1453 1616 1519 Bono
1639 1453 1695 1520 ita·

327 1579 388 1644 que
412 1557 520 1623 animo
545 1579 614 1624 esse
642 1556 717 1624 velit
741 1568 772 1624 et
799 1556 905 1625 divina
932 1579 987 1624 sua
1013 1556 1179 1644 prudentia
1202 1557 1246 1624 sic
1276 1557 1405 1626 affectus
1434 1557 1632 1640 moderetur,
1662 1569 1695 1625 ut

328 1684 384 1728 eos
420 1663 622 1730 conculcasse
654 1663 770 1751 potiuS,
801 1685 896 1752 quam
928 1663 976 1730 his
1008 1662 1208 1730 succubuisse
1237 1663 1446 1746 existimetur,
1475 1661 1695 1752 eiusmodique

327 1789 391 1855 ego
416 1791 453 1836 ex
477 1768 607 1857 publicis
630 1767 806 1837 actionibus
830 1792 919 1859 spem
943 1771 1087 1857 concepi,
1111 1787 1146 1836 ut
1168 1768 1255 1837 brevi
1278 1768 1438 1838 confidam
1462 1770 1571 1837 omnia
1587 1779 1693 1858 pacata

326 1875 372 1940 iri.
419 1875 494 1957 Qua
516 1877 548 1942 in
572 1899 621 1957 re,
651 1877 709 1944 etsi
737 1875 816 1942 adeo
846 1899 884 1943 ex
907 1876 1015 1943 animo
1039 1875 1275 1958 elaboraverim,
1299 1888 1334 1945 ut
1356 1878 1389 1943 in
1412 1877 1540 1965 propria
1563 1897 1691 1943 conser-

326 1978 427 2048 vanda
450 1981 549 2050 salute
571 1981 658 2070 plura
681 1995 837 2070 praestare
860 1982 1089 2071 nequivissem,
1118 1980 1214 2050 doleo
1236 1995 1361 2065 tamen,
1391 2005 1443 2050 me
1466 1981 1566 2070 longe
1587 1982 1695 2050 minus

326 2087 477 2154 hactenus
501 2087 687 2176 profecisse,
711 2111 805 2178 quam
829 2089 874 2155 rei
898 2086 1092 2175 magnitudo
1108 2089 1250 2176 exposcit
1272 2110 1406 2178 meaque
1429 2085 1509 2155 fides
1533 2099 1564 2154 et
1588 2085 1694 2154 obser·

325 2194 430 2260 vantia
453 2193 590 2261 maxime
613 2193 717 2261 vellet.
763 2193 866 2262 Habet
889 2194 1002 2261 Vestra
1026 2193 1180 2261 Sanctitas
1203 2194 1435 2281 pientissimum
1465 2193 1550 2261 hunc
1572 2215 1693 2282 regem,

326 2299 379 2388 qui
404 2297 545 2367 officium
570 2299 691 2368 nullum
719 2298 842 2368 afflictis
875 2301 942 2368 eius
970 2299 1114 2368 iuvandis
1144 2299 1238 2368 rebus
1265 2299 1327 2368 huc
1357 2322 1458 2388 usque
1485 2300 1695 2387 praetermisit

326 2428 384 2472 nec
419 2407 548 2494 proprio
583 2407 728 2493 sanguini
763 2405 883 2474 nedum
918 2405 1030 2494 opibus
1060 2428 1191 2494 parcens
1220 2416 1311 2473 antea
1342 2405 1563 2496 conquiescet,
1599 2429 1693 2494 quarn

325 2511 451 2579 filialem
472 2535 565 2580 suum
588 2512 735 2581 affectum
757 2523 788 2580 et
811 2513 845 2580 in
870 2512 1088 2600 Apostolicam
1110 2510 1227 2580 Sedem
1249 2510 1388 2579 studium
1406 2523 1556 2579 testatum
1575 2510 1694 2579 fecerit.

431 2618 554 2686 Interea
576 2641 666 2702 vero,
689 2641 762 2686 cum
786 2617 844 2686 alia
859 2620 982 2687 ratione
998 2629 1145 2709 nequeat,
1169 2615 1208 2685 ad
1226 2617 1431 2685 Sanctitatem
1452 2617 1600 2685 Vestram
1618 2639 1695 2685 con-

323 2723 487 2792 solandam
512 2735 673 2792 oratorem
690 2724 786 2793 mittit
802 2723 950 2793 dilectum
968 2747 1060 2792 suum
1077 2723 1289 2793 consiliarium
1305 2724 1484 2791 Dominum
1502 2723 1695 2811 Gregorium

325 2830 500 2913 Casaliunr,
529 2831 582 2920 qui
612 2830 705 2898 etiarn
734 2831 766 2898 in
795 2829 956 2898 nonnullis
983 2830 1161 2918 gravissimi
1188 2831 1346 2898 momenti
1376 2852 1435 2918 pro
1460 2826 1575 2897 eodem
1606 2829 1697 2896 Sere·

326 2938 459 3004 nissimo
484 2936 629 3004 Domino
653 2959 728 3003 meo
752 2959 828 3024 rege
843 2935 1047 3026 impetrandis
1069 2935 1162 3003 rebus
1185 2935 1361 3004 humillime
1382 2935 1515 3003 Vestrae
1535 2935 1698 3002 Sanctitati

327 3041 521 3130 supplicabit,
545 3065 625 3132 quae
647 3053 814 3130 tantopere
831 3044 897 3110 eius
920 3044 1025 3130 regiae
1048 3042 1205 3110 Maiestati
1228 3039 1318 3110 cordi
1341 3059 1414 3109 sunt
1431 3059 1463 3109 et
1484 3053 1571 3110 tanta
1588 3063 1695 3108 earum

326 3147 537 3216 sollicitudine
560 3145 704 3229 afficitur,
728 3149 811 3215 utin
834 3148 981 3215 humanis
1004 3146 1082 3214 nihil
1104 3159 1198 3238 queat
1213 3145 1375 3215 ardentius
1399 3158 1452 3248 aut
1474 3146 1697 3215 vehementius

328 3265 508 3342 expectare,
540 3264 571 3321 et
594 3276 657 3341 ego
685 3264 811 3342 putem,
840 3277 924 3320 nunc
949 3276 1017 3320 esse
1041 3251 1177 3320 oblatam
1202 3254 1417 3336 occasionem,
1447 3275 1509 3342 qua
1531 3253 1573 3319 V.
1597 3252 1629 3319 S.
1658 3276 1698 3320 ex

330 3358 478 3427 devincto
503 3382 575 3427 eum
600 3376 755 3448 perpetuo
779 3359 836 3426 sibi
853 3357 1124 3427 devinctissimum
1147 3356 1280 3427 reddere
1304 3382 1339 3426 ac
1363 3359 1411 3426 sui
1433 3358 1509 3426 iuris
1533 3368 1565 3424 et
1581 3357 1698 3424 arbitrii

327 3477 432 3533 totum
455 3465 557 3533 facere
581 3465 691 3554 possit.
738 3464 840 3549 Quod
862 3467 1030 3553 negotium
1053 3463 1191 3553 pluribus
1215 3487 1282 3531 non
1311 3463 1562 3547 commendabo,
1590 3462 1623 3531 id
1645 3486 1698 3530 so-

330 3570 499 3639 lummodo
523 3571 653 3654 addens,
677 3570 760 3639 nulla
783 3573 816 3638 in
838 3594 874 3639 re
889 3571 1094 3640 Sanctitatem
1110 3571 1259 3639 Vestram
1281 3594 1380 3660 aeque
1403 3593 1439 3638 ac
1467 3571 1499 3638 in
1523 3570 1581 3638 hac
1603 3592 1700 3658 posse

328 3676 444 3745 dictam
467 3679 587 3765 regiam
604 3678 803 3746 Maiestatem
818 3679 882 3745 suis
906 3676 1067 3746 desideriis
1083 3678 1196 3745 arctius
1212 3675 1416 3764 adstringere.
1454 3677 1506 3745 De
1522 3699 1575 3743 me
1591 3687 1697 3742 autem

330 3784 439 3850 omnia
461 3782 519 3851 sibi
543 3783 737 3872 polliceatur,
761 3805 841 3872 quae
865 3807 1021 3873 unquam,
1050 3784 1144 3850 etiam
1173 3806 1245 3850 cum
1274 3805 1365 3850 meae
1387 3781 1493 3849 salutis
1517 3781 1699 3850 discrimine

329 3891 362 3955 in
385 3911 474 3956 suam
498 3889 629 3977 gratiam
655 3887 737 3956 effici
759 3900 920 3977 poterunt,
942 3886 1215 3979 quemadmodum
1238 3886 1324 3955 idem
1341 3888 1501 3955 Dominus
1522 3887 1699 3976 Gregorius

331 4018 406 4062 meo
435 3996 567 4062 nomine
596 4017 704 4062 coram
733 3993 848 4063 referet
876 3994 1012 4078 uberius,
1042 3996 1091 4062 cui
1115 3995 1261 4062 Vestram
1289 3994 1494 4062 Sanctitatem
1523 3993 1700 4061 humillime

330 4123 422 4189 rogo,
447 4113 481 4168 ut
504 4101 710 4168 certissimam
742 4101 774 4168 in
798 4100 946 4168 omnibus
968 4099 1066 4168 fidem
1090 4119 1246 4190 praestare
1275 4099 1431 4188 dignetur.
1478 4099 1587 4182 Quam
1611 4101 1700 4168 Deus

332 4207 411 4296 Opt.
436 4207 520 4274 Max.
544 4206 741 4276 incolumem
766 4227 797 4275 et
820 4207 944 4278 felicem
968 4230 1027 4275 suo
1049 4207 1141 4296 gregi
1163 4207 1313 4274 restituat.

438 4312 576 4381 Londini
601 4337 638 4381 ex
661 4315 742 4381 meis
765 4311 893 4381 aedibus
916 4311 967 4381 die
993 4333 1021 4398 5.
1045 4311 1232 4380 Decembris
1259 4331 1351 4400 1527.

961 4523 1146 4593 Humillima
1168 4547 1205 4592 ac
1227 4521 1432 4592 devotissima
1454 4535 1595 4592 creatura

1040 4630 1082 4698 T.
1107 4629 1280 4700 Cardinalis
1302 4628 1518 4698 Eboracensis.

543 4789 624 4845 Arch.
637 4789 723 4844 Vatic.
737 4788 843 4844 Lettere
862 4789 888 4843 di
906 4790 1021 4860 Principi
1038 4789 1099 4844 Vol.
1118 4789 1166 4856 af.
1179 4804 1239 4859 233.
1271 4787 1347 4862 Orig.
1366 4788 1500 4843 Gedruckt
1520 4788 1563 4843 bei
1575 4787 1703 4856 Theium,

438 4879 499 4934 Vet.
519 4877 592 4932 Mon.
612 4897 637 4950 p.
659 4893 716 4949 559,
735 4896 761 4933 n.
780 4893 840 4951 990,
859 4878 908 4933 mit
927 4879 1034 4949 einigen
1052 4877 1173 4944 Fehlern,
1197 4877 1361 4932 namentlich
1383 4879 1416 4932 ist
1434 4893 1524 4949 gegen
1543 4876 1618 4932 Ende
1642 4877 1703 4932 eine

440 4983 525 5036 ganze
544 4967 613 5019 Zeile
632 4965 679 5020 des
699 4965 834 5037 Originals
854 4966 1062 5036 hbersprungen.
