3842 5532
210 359 359 416 Consilium
380 377 458 432 super
477 377 555 415 causa
574 359 697 431 Anglica.
1519 345 1580 408 235

211 534 258 589 est
280 521 393 608 religio
417 533 448 588 et
475 521 590 608 pietaS,
618 543 685 587 non
714 520 858 608 agnoscit
883 542 982 586 omne
1009 519 1131 586 bonum
1161 517 1269 587 datum
1299 517 1433 607 desuper
1456 543 1473 584 a
1496 531 1583 606 patre

211 627 390 694 luminum?
435 627 522 694 Num
552 627 670 694 multos
698 650 765 693 non
794 625 912 694 audivit
940 625 1077 692 liliorum
1108 649 1199 693 causa
1227 624 1441 693 infelicissime
1469 625 1583 692 vixisse

210 746 242 800 et
269 731 485 800 miserabiliter
514 733 607 800 etiam
637 730 804 800 defunctos
833 733 922 799 esse?
969 731 1058 812 Quid
1082 745 1129 800 est
1156 730 1302 813 tandem,
1331 732 1417 820 quod
1442 729 1583 798 efflictim

210 839 291 906 adeo
308 839 452 926 cupimus
476 849 529 906 aut
544 840 636 905 anxie
651 836 907 921 reformidamus,
930 861 1011 926 quae
1028 840 1187 905 nescimus
1211 836 1312 926 plane,
1337 861 1401 926 quo
1417 839 1449 903 in
1466 859 1584 925 genere

210 943 369 1012 bonorum
387 944 437 1012 vel
461 944 617 1012 malorum
641 943 825 1032 reponenda
841 945 925 1011 sint?
970 945 1003 1010 Si
1019 945 1079 1011 Dei
1097 943 1294 1032 providentia
1318 943 1454 1010 humana
1474 943 1583 1008 otnnia

210 1050 383 1138 dispensari
412 1063 443 1117 et
466 1073 577 1137 regum
603 1049 698 1117 eorda
729 1051 760 1117 in
790 1051 856 1117 eius
886 1072 981 1117 manu
1006 1073 1074 1116 esse
1103 1048 1272 1131 credimus,
1301 1049 1376 1137 quid
1406 1068 1468 1131 est,
1497 1047 1583 1137 quod

210 1179 270 1222 nos
294 1158 406 1223 anxios
428 1154 552 1224 reddit?
599 1154 687 1236 Quid
712 1157 777 1222 eius
805 1154 1006 1242 benignitati,
1036 1179 1115 1244 quae
1138 1154 1262 1222 assidue
1285 1154 1363 1243 pluit
1392 1177 1486 1242 super
1513 1149 1584 1236 nos',

211 1261 405 1329 diffidimus?
452 1262 537 1349 Ergo
561 1263 613 1350 qui
645 1284 743 1350 regna
767 1262 946 1343 constituit,
970 1263 1021 1350 qui
1046 1284 1138 1349 reges
1162 1259 1315 1342 custodit,
1344 1261 1395 1348 qui
1421 1261 1514 1327 etiam
1539 1261 1584 1325 in·

211 1367 355 1435 fidelibus
384 1391 417 1434 se
448 1365 602 1449 ostendit,
633 1379 666 1433 ut
694 1389 751 1433 eos
782 1365 819 1433 ad
849 1391 883 1434 se
912 1367 1026 1447 trahat,
1058 1390 1192 1453 regnum
1223 1366 1442 1448 christianum,
1474 1387 1585 1452 regern

212 1474 386 1561 optimum,
416 1471 489 1540 fidei
512 1471 715 1540 defensorem
740 1485 771 1540 et
795 1471 1022 1540 ecclesiasticae
1046 1470 1207 1560 dignitatis
1235 1483 1427 1539 assertorem
1451 1471 1584 1552 deseret,

212 1577 390 1668 praeteribit
413 1591 445 1645 et
467 1578 663 1666 signaculum
688 1579 791 1646 vultus
820 1579 866 1646 sui
894 1602 988 1666 super
1012 1602 1086 1646 eum
1110 1601 1177 1644 non
1200 1579 1321 1666 ponet?
1366 1578 1454 1645 Haec
1475 1578 1586 1644 timeat

211 1684 327 1766 Turca,
352 1684 427 1750 haec
451 1703 617 1752 vereantur
641 1686 739 1772 impii,
762 1707 830 1752 non
853 1708 908 1752 rex
932 1686 1001 1767 iste,
1025 1686 1078 1773 qui
1103 1707 1237 1771 regnum
1262 1683 1324 1750 hoc
1348 1682 1524 1771 insignibus
1547 1683 1585 1750 ti·

211 1791 283 1859 tulis
308 1809 338 1858 et
362 1791 478 1878 pietate
505 1813 560 1857 sua
584 1789 756 1859 illustravit.
803 1790 904 1872 Quod
928 1792 953 1858 si
977 1791 1050 1857 Deo
1079 1793 1120 1858 ita
1149 1789 1350 1878 dispensante
1373 1790 1529 1870 eveniret,
1553 1801 1587 1856 ut

212 1896 252 1964 ad
273 1896 357 1964 aliud
380 1898 619 1964 matrimonium
643 1919 697 1964 rex
716 1895 870 1965 laberetur
893 1909 987 1987 atque
1010 1898 1136 1964 interim
1160 1897 1268 1983 regina
1292 1895 1360 1963 fatis
1384 1893 1586 1976 concederet,

212 2001 288 2092 quid
311 2015 393 2070 esset
417 2003 572 2070 Maiestati
596 2003 677 2070 Suae
701 2005 731 2070 in
757 2005 820 2070 vita
842 2003 923 2070 adeo
947 2003 1111 2084 acerbum,
1138 2022 1173 2069 ut
1196 2004 1292 2091 spreti
1320 2002 1516 2068 matrimonii
1539 2023 1586 2067 re-

213 2108 366 2189 cordatio,
396 2121 427 2176 et
457 2107 519 2175 Dei
548 2109 610 2176 hoc
641 2108 789 2176 auxilium
821 2133 888 2176 non
919 2110 1123 2197 expectasse?
1169 2107 1327 2176 Credibile
1359 2107 1498 2196 namque
1528 2119 1587 2189 est,

213 2216 356 2302 reginam
380 2226 491 2302 utpote
514 2225 588 2282 natu
611 2215 813 2302 grandiorem
839 2239 877 2282 ex
902 2215 964 2282 hoc
986 2217 1068 2283 vitae
1091 2213 1192 2283 stadio
1217 2213 1348 2282 celerius
1372 2214 1467 2282 etiam
1492 2235 1585 2302 quarn

213 2319 371 2386 Sermum.
399 2341 509 2406 regern
537 2321 758 2408 migraturam,
785 2343 851 2410 quo
881 2343 954 2388 casu
982 2319 1171 2388 adveniente
1199 2319 1316 2387 sublata
1346 2332 1450 2387 essent
1479 2321 1588 2386 omnia

213 2424 436 2506 incommoda,
464 2449 524 2492 nec
549 2423 758 2494 diffidendum
787 2439 871 2494 esset
893 2428 986 2494 aetati
1010 2425 1092 2494 forte
1116 2427 1179 2492 iam
1203 2449 1313 2507 canae,
1338 2449 1410 2492 cum
1434 2425 1587 2513 legamus,

213 2531 394 2618 patriarchis
418 2533 513 2599 etiam
537 2531 703 2620 decrepitis
728 2535 759 2600 in
783 2535 1004 2621 procreatione
1028 2532 1199 2600 liberorum
1224 2531 1330 2600 Deum
1353 2531 1488 2599 affuisse.

320 2636 421 2718 Quod
443 2657 548 2705 autem
572 2636 611 2705 ad
635 2637 711 2706 illud
734 2640 880 2727 pertinet,
904 2663 969 2728 quo
993 2639 1116 2722 dicitur,
1144 2639 1303 2706 Sermum.
1327 2661 1437 2724 regem
1461 2637 1500 2705 ad
1524 2661 1588 2704 ma-

213 2743 354 2810 trimonii
379 2742 621 2811 dissolutionem
646 2746 770 2812 invitari
795 2747 888 2813 etiam
913 2769 952 2812 ex
975 2746 1048 2827 hoc,
1081 2758 1116 2813 ut
1140 2747 1296 2813 evitentur
1319 2742 1479 2825 scandala,
1508 2742 1587 2811 bella

216 2861 246 2916 et
270 2849 366 2931 mala,
390 2872 470 2938 quae
493 2851 620 2917 evenire
644 2864 775 2938 possent
798 2852 830 2918 in
854 2873 966 2939 regno,
996 2853 1021 2918 si
1045 2851 1246 2937 contingeret
1269 2851 1468 2918 Maiestatem
1492 2851 1588 2916 Suam

215 2954 283 3022 sine
306 2955 396 3042 prole
420 2955 592 3042 masculina
615 2955 754 3044 legitima
778 2955 943 3038 decedere,
967 2957 998 3025 id
1022 2956 1109 3046 quod
1129 2980 1169 3024 eo
1193 2954 1405 3023 rationabilius
1429 2957 1589 3024 subvereri

215 3071 331 3147 potest,
356 3084 420 3149 quo
444 3063 581 3150 apertius
600 3075 658 3144 est,
683 3086 751 3129 non
774 3061 905 3130 absimili
930 3062 969 3130 de
994 3087 1085 3130 causa
1100 3064 1229 3130 Henrici
1252 3065 1336 3130 tertii
1359 3061 1437 3130 filias
1461 3075 1589 3130 etcum

217 3167 261 3232 eis
285 3167 438 3234 comitem
463 3179 495 3236 et
513 3168 685 3257 praelatum
709 3169 933 3236 Liconiensem
957 3168 1086 3257 praefati
1101 3170 1231 3236 Henrici
1256 3181 1406 3257 nepotem
1431 3168 1588 3256 iugulatos

217 3270 321 3352 fuisse,
345 3271 428 3340 nulla
444 3272 509 3341 fere
533 3275 656 3341 ratione
680 3288 732 3342 aut
748 3299 841 3342 causa
860 3275 1060 3357 subsistente,
1084 3298 1202 3363 nempe
1225 3276 1297 3365 quia
1315 3274 1470 3364 quaedam
1494 3297 1590 3363 spon-

216 3377 289 3445 salia
312 3379 397 3466 prius
420 3403 476 3467 per
492 3381 667 3448 Henricum
691 3379 769 3449 facta
793 3379 919 3463 fuerint,
943 3404 1022 3470 quae
1045 3379 1255 3469 postmodum
1279 3393 1344 3448 rata
1368 3403 1435 3448 non
1451 3379 1588 3463 fuerunt,

218 3495 249 3550 et
271 3507 362 3566 uxor,
387 3507 425 3552 ex
448 3509 509 3575 qua
532 3485 610 3553 filias
634 3489 787 3575 suscepit,
811 3510 884 3555 vera
907 3499 938 3554 et
961 3486 1102 3574 legitima
1125 3485 1241 3575 absque
1265 3487 1482 3554 controversia
1510 3509 1590 3554 uxor

218 3588 283 3657 fuit.
324 3589 418 3658 Unde
442 3593 466 3658 si
491 3603 558 3660 tum
583 3595 615 3659 in
632 3592 733 3675 viridi,
758 3592 832 3682 quid
855 3616 941 3660 nunc
965 3595 996 3660 in
1020 3592 1128 3660 arido?
1174 3592 1205 3658 Si
1230 3594 1437 3660 matrimonio
1461 3593 1493 3659 in
1514 3615 1591 3659 con·

217 3707 395 3764 troversum
425 3721 490 3764 non
516 3697 654 3766 deducto
683 3722 719 3766 ea
744 3718 914 3768 consecuta
938 3712 986 3766 est
1009 3699 1178 3780 calamitas,
1206 3698 1281 3787 quid
1304 3697 1359 3766 fiet
1388 3701 1420 3766 in
1444 3699 1523 3780 hoc,
1551 3697 1590 3766 de

217 3824 282 3889 quo
307 3824 415 3870 coram
439 3826 521 3891 pene
545 3803 621 3872 orbe
646 3804 873 3893 disceptamus,
903 3829 962 3872 nec
985 3807 1054 3873 sine
1078 3804 1274 3873 evidentibus
1298 3805 1487 3886 rationibus,
1511 3827 1591 3894 quae

219 3907 391 3976 suadebant
414 3911 610 3977 matrimonii
633 3910 898 3979 invaliditatem?1
954 3952 958 3960 -

316 4015 392 4089 ,Hac
419 4017 542 4083 ratione
571 4037 601 4084 et
634 4017 781 4105 exemplo
806 4037 890 4085 certe
918 4019 988 4107 quis
1012 4018 1150 4084 maxime
1182 4017 1305 4085 moveri
1334 4015 1436 4105 possit
1463 4034 1590 4104 aspectu

219 4120 339 4206 primo;
372 4120 429 4188 sed
451 4123 477 4188 si
501 4146 551 4190 res
575 4122 828 4191 consideraretur
852 4137 970 4206 exacte,
995 4147 1062 4192 non
1092 4123 1181 4192 facile
1205 4123 1423 4212 prolabemur,
1452 4125 1504 4212 qui
1529 4123 1591 4190 hoc

325 4280 436 4334 ¹Diese
456 4281 628 4337 wiederholte
646 4283 835 4354 Bezugnahme
855 4282 902 4336 auf
917 4283 1008 4354 Konig
1027 4283 1153 4338 Heinrich
1171 4283 1216 4338 111.
1236 4300 1289 4337 von
1309 4282 1431 4353 England
1455 4283 1489 4336 ist
1508 4291 1592 4336 etv-'as

220 4348 365 4404 ratselhast.
402 4351 509 4423 Richtig
527 4352 569 4420 ist,
588 4352 644 4406 dass
657 4353 783 4407 Heinrich
804 4353 848 4408 111.
868 4371 917 4407 vor
929 4355 1017 4408 seiner
1031 4354 1088 4408 Ehe
1107 4355 1155 4408 mit
1167 4353 1300 4408 Eleonore
1320 4371 1373 4408 von
1386 4353 1434 4408 der
1447 4352 1593 4419 Provence‚

223 4419 297 4486 1236,
316 4422 364 4475 mit
378 4421 508 4493 Johanna,
528 4423 575 4477 der
593 4423 713 4478 Tochter
734 4422 781 4478 des
800 4423 900 4479 Grafen
921 4425 1013 4479 Simon
1033 4442 1085 4479 von
1106 4425 1245 4490 Ponthieu‚
1265 4425 1446 4496 versprochen
1465 4441 1521 4478 war
1540 4422 1593 4477 und

220 4490 277 4542 sich
296 4507 377 4562 sogar
400 4492 495 4546 eidlich
515 4493 681 4564 verpflichtet
699 4495 786 4560 hatte,
805 4495 923 4549 dieselbe
947 4514 978 4549 zu
998 4495 1146 4550 ehelichen.
1183 4495 1238 4548 Das
1254 4495 1395 4548 Verlobnis
1415 4493 1507 4549 wurde
1531 4495 1593 4548 aber

221 4559 391 4630 ausgehoben
411 4579 508 4634 wegen
533 4564 673 4636 doppelter
687 4565 921 4620 Verwandtschaft
946 4565 1019 4634 oder,
1042 4567 1095 4620 wie
1113 4565 1247 4620 Mattheus
1266 4566 1338 4620 Paris
1362 4565 1474 4631 erzahlt‚
1494 4581 1538 4618 we
1559 4581 1592 4618 en

221 4631 267 4684 der
280 4629 562 4688 Lehensverhiltnisse
575 4635 622 4688 des
635 4646 789 4706 genannten
799 4635 899 4690 Grasen
913 4655 972 4691 zum
983 4637 1073 4707 Konig
1087 4653 1139 4692 von
1151 4635 1317 4691 Frankreich.
1337 4637 1416 4706 Papst
1430 4581 1592 4706 Gregorili.

222 4701 333 4757 erklarte
352 4703 394 4757 die
406 4704 580 4776 Verbindung
598 4707 646 4760 mit
664 4707 785 4776 Johanna
806 4706 846 4761 litt
865 4709 967 4778 nichtig
986 4708 1039 4761 und
1058 4707 1152 4778 sprach
1171 4707 1223 4760 den
1243 4707 1333 4778 lionig
1352 4724 1406 4760 von
1424 4709 1513 4778 jenem
1528 4706 1592 4759 Eide

223 4771 277 4827 frei.
309 4773 400 4845 Vergl.
420 4775 540 4848 Raynald
563 4794 623 4831 ann.
646 4777 720 4901 12136,
747 4796 772 4832 n.
791 4791 834 4847 49.
871 4777 965 4833 Matth.
985 4778 1066 4845 Paris,
1085 4777 1220 4832 Chronica
1239 4779 1352 4844 maiora,
1378 4777 1418 4832 ed.
1437 4777 1529 4849 Henry
1547 4777 1592 4829 Ri-

222 4843 316 4926 chards
335 4844 428 4928 Luam,
449 4845 561 4901 London
579 4847 654 4916 1876,
686 4847 792 4916 11.328.
829 4849 960 4916 Potthast,
979 4849 1097 4920 Regesta
1115 4848 1192 4903 Pont.
1213 4849 1291 4904 Rom.
1311 4849 1331 4903 1.
1350 4867 1375 4902 n.
1398 4863 1490 4920 10149.
1521 4846 1593 4926 Aber

221 4915 380 4984 mrgendwo
393 4926 431 4999 Ιιετ
457 4935 489 4972 zu
513 4916 614 5002 finden,
640 4918 695 4972 dass
720 4919 865 4991 deswegen
891 4920 933 4975 die
952 4919 1010 4975 Ehe
1034 4919 1172 4973 Heinrichs
1197 4920 1246 4973 mit
1269 4919 1403 5002 Eleonore
1426 4916 1594 5002 angegrifiep

222 4986 332 5039 worden
362 5003 412 5054 ser,
440 4988 511 5042 noch
539 5005 667 5059 wenrger,
695 4988 751 5044 dass
780 4989 821 5044 die
850 4993 916 5045 zuei
942 4991 1061 5046 Tochter
1088 5007 1134 5044 aus
1162 4989 1248 5044 dieser
1274 4989 1343 5056 Ehe,
1372 4991 1414 5044 dre
1442 4990 1518 5044 berde
1547 4997 1593 5042 mit
