3842 5532
197 333 303 403 Anglici
323 333 430 388 articuli.
1506 325 1569 385 llll

196 505 361 581 oporteret
384 495 494 575 etiarn,
518 496 604 585 quod
629 497 850 567 observassent
873 521 987 566 onmes
1012 520 1201 585 congressus
1229 495 1328 565 lactos
1352 495 1391 564 de
1415 495 1465 564 die
1490 497 1571 564 inter

196 623 264 680 eos,
288 599 400 688 quibus
416 603 594 688 potuissent
611 604 773 672 carnaliter
790 605 953 692 coniungi,
978 602 1064 691 quod
1081 602 1197 672 factum
1218 627 1284 670 non
1302 602 1368 670 luit.
1408 605 1572 670 Praeterea

197 707 352 792 inspectio
382 705 600 776 linteaminum
627 711 757 778 Henrici
780 713 884 778 octavi
914 734 979 777 non
1005 709 1116 798 probat
1145 709 1322 776 necessario
1347 710 1570 797 virginitatem,

195 813 268 900 quia
292 810 441 880 doctores
465 813 619 898 scribunt,
649 816 736 906 quod
760 817 907 884 mulieres
935 815 1037 883 milies
1061 818 1209 904 cognitae
1238 827 1371 904 possunt
1400 813 1516 882 artibus
1541 827 1571 882 et

196 917 437 986 medicamentis
454 943 558 1008 agere,
583 922 670 1010 quod
694 923 861 1012 unicuique
878 925 947 988 viro
964 920 1153 989 videbuntur
1169 923 1307 1010 virgines
1331 933 1363 989 et
1378 922 1570 1008 incognitae.

195 1023 366 1112 Propterea
391 1024 513 1108 dicunt,
538 1028 624 1116 quod
650 1028 794 1116 probatio
819 1055 857 1096 ex
881 1029 1080 1116 inspectione
1109 1027 1328 1096 linteaminum
1354 1047 1401 1094 est
1428 1025 1517 1094 sallax
1540 1040 1572 1094 et

195 1154 263 1197 non
289 1133 473 1199 necessaria.

302 1237 439 1304 Decimo
457 1237 612 1308 inducitur
635 1240 716 1308 bulla
733 1241 987 1329 dispensationis,
1011 1264 1090 1330 quae
1108 1239 1182 1308 dicit
1207 1241 1445 1308 matrimonium
1464 1240 1571 1306 Artori

195 1355 228 1409 et
244 1343 434 1410 Catberinae
458 1344 586 1413 forsan
611 1347 724 1414 carnali
741 1347 854 1436 copula
870 1359 1139 1415 consummatum.
1180 1347 1217 1414 Er
1235 1347 1279 1414 sic
1303 1346 1360 1412 sub
1377 1345 1473 1412 dubio
1489 1344 1571 1413 forte

194 1461 305 1536 posset
329 1447 400 1530 dici,
425 1450 511 1539 quod
536 1451 632 1519 dictio
660 1451 818 1534 »forsan«,
843 1454 914 1521 licet
939 1452 1129 1542 quandoque
1153 1453 1193 1520 sit
1217 1451 1401 1533 dubitativa,
1430 1449 1571 1540 quando-

195 1577 257 1642 que
286 1574 333 1622 est
358 1557 451 1624 etiam
483 1561 661 1646 expressiva
684 1561 837 1642 veritatis;
872 1572 903 1627 et
926 1559 1013 1648 quod
1041 1561 1083 1627 ita
1107 1557 1219 1627 debeat
1249 1557 1380 1646 intelligi
1408 1556 1505 1638 bulla,
1528 1558 1573 1624 vi-

196 1659 288 1728 detur
305 1660 410 1748 colligi
436 1688 473 1730 ex
498 1663 583 1732 brevi
599 1665 844 1754 dispensationis
867 1665 925 1733 sub
941 1663 1052 1733 eadem
1078 1664 1149 1734 data
1172 1678 1204 1733 et
1227 1663 1264 1732 ab
1285 1663 1400 1733 eodem
1418 1662 1573 1732 Pontifice

195 1765 276 1832 lulio
300 1790 482 1850 concessae,
505 1771 536 1836 in
562 1795 623 1860 qua
646 1770 830 1840 affirmative
856 1771 978 1853 dicitur,
1002 1769 1089 1860 quod
1114 1771 1354 1838 matrimonium
1378 1769 1435 1839 luit
1459 1767 1573 1836 carnali

196 1872 310 1960 copula
333 1875 556 1958 coniunctum,
586 1875 624 1944 de
649 1901 712 1966 quo
737 1877 822 1945 brevi
847 1891 971 1945 constat
1000 1878 1031 1944 in
1060 1875 1210 1944 mandato
1239 1878 1366 1965 reginae
1393 1873 1477 1964 apud
1505 1894 1573 1942 acta

197 1977 366 2065 producto.
407 1981 569 2049 Praeterea
593 1985 697 2052 sistet
721 1983 901 2066 dubitative,
926 1995 1031 2072 potest
1053 1983 1123 2065 dici,
1147 1983 1233 2072 quod
1258 2007 1296 2050 ex
1318 1982 1377 2049 illis
1393 1981 1495 2050 verbis
1520 2004 1574 2048 ne-

196 2107 352 2174 quaquam
384 2086 582 2156 concluditur
611 2091 783 2178 virginitas,
815 2092 916 2157 innuo
949 2091 1159 2172 contrarium,
1193 2113 1265 2158 cum
1299 2111 1393 2177 super
1423 2085 1573 2154 affinitate

195 2202 321 2278 petatur
344 2191 544 2281 dispensari.¹

304 2297 396 2366 Circa
419 2300 595 2367 secundum
620 2301 783 2369 articulum
813 2301 1017 2390 principalem
1043 2301 1119 2368 nihil
1143 2300 1266 2384 dicitur,
1295 2324 1367 2369 cum
1392 2297 1484 2367 dubia
1509 2299 1574 2385 ipsa

196 2400 254 2468 alia
279 2402 554 2474 demonstratione
578 2431 644 2474 non
670 2420 793 2495 egeant.

305 2510 397 2577 Circa
430 2514 558 2579 tertium
591 2513 754 2580 articulum
788 2513 1032 2601 dispensationis
1065 2525 1171 2601 potest
1204 2511 1353 2594 dubitari,
1383 2509 1470 2600 quod
1503 2509 1574 2576 licet

198 2637 291 2682 causa
321 2615 569 2685 introducendae
598 2619 698 2706 pacis,
727 2631 761 2686 ut
791 2619 940 2686 tollantur
967 2618 1045 2687 bella
1069 2639 1099 2686 et
1128 2641 1274 2706 guerrae,
1298 2617 1440 2686 videatur
1462 2618 1574 2704 vigens

198 2718 237 2785 ad
261 2719 525 2808 dispensandum,
548 2735 656 2792 tamen
680 2723 808 2813 quando
831 2725 919 2812 viget
941 2748 1000 2813 pax
1024 2727 1090 2813 ipsa
1113 2727 1195 2793 inter
1218 2746 1320 2812 reges,
1347 2743 1381 2790 ut
1406 2741 1470 2790 erat
1494 2733 1574 2789 tem-

196 2847 276 2912 pore
301 2827 485 2915 impetratae
502 2829 754 2917 dispensationis,
779 2830 864 2920 quod
889 2844 964 2898 tunc
989 2853 1047 2918 pro
1063 2830 1112 2898 illa
1132 2827 1349 2898 conservanda
1365 2828 1573 2916 dispensetur,

198 2954 265 2998 non
290 2931 414 3001 videtur
442 2937 545 3022 gravis
569 2959 676 3017 causa,
705 2935 761 3004 sed
789 2938 895 3025 potius
922 2937 1049 3019 frivola,
1078 2949 1109 3004 et
1131 2956 1238 3004 tamen
1268 2959 1360 3002 causa
1391 2933 1574 3022 exprimitur

197 3059 257 3124 pro
286 3040 513 3108 conservandis
542 3040 721 3109 foederibus
749 3045 833 3131 pacis
862 3056 893 3110 et
920 3044 1075 3111 amicitiae
1104 3066 1140 3110 ac
1171 3055 1205 3110 ut
1228 3041 1389 3110 vinculum
1419 3039 1574 3107 amicitiae

198 3140 316 3211 diutius
340 3146 422 3213 inter
446 3169 537 3234 reges
561 3155 771 3235 pernraneat.²

305 3251 454 3319 Secundo
481 3267 592 3340 posset
621 3252 767 3336 dubitari,
796 3277 835 3320 an
865 3253 1057 3342 dispensatio
1086 3255 1126 3321 sit
1156 3254 1349 3342 surreptitia,
1378 3253 1448 3341 quia
1478 3252 1509 3316 in
1540 3274 1574 3317 ea

199 3357 396 3444 exprimitur,
421 3371 455 3426 ut
478 3359 639 3427 vinculum
664 3361 819 3428 amicitiae
844 3359 958 3428 diutius
982 3362 1064 3428 inter
1087 3359 1243 3448 praefatos
1267 3382 1358 3448 reges
1380 3375 1574 3447 permaneat,

308 3560 315 3588 ¹
335 3551 370 3606 Es
384 3553 503 3607 verdient
520 3554 639 3608 bernerkt
652 3572 683 3608 zu
696 3555 814 3620 werden,
833 3553 889 3608 dass
902 3554 966 3620 hier,
988 3571 1031 3608 wo
1045 3554 1102 3607 sich
1115 3571 1161 3607 aus
1177 3553 1237 3607 dem
1251 3553 1424 3607 Zusatzbreve
1437 3549 1528 3622 Julius'
1542 3550 1574 3604 ΙΙ.

199 3622 242 3674 ein
262 3622 369 3676 Beweis
390 3623 430 3677 ft‘rr
449 3624 500 3677 den
512 3623 627 3695 Vollzug
646 3625 692 3678 der
710 3625 767 3678 Ehe
787 3643 818 3678 zu
838 3625 954 3696 ergeben
974 3625 1074 3690 schien,
1094 3623 1156 3678 weil
1175 3624 1221 3677 das
1238 3623 1386 3677 Wortchen
1406 3621 1528 3675 »forsan«
1549 3621 1576 3674 in

198 3691 356 3746 demselben
376 3693 454 3760 fehlt,
479 3695 526 3748 mit
545 3695 651 3748 keinem
666 3695 760 3748 Wone
780 3695 822 3748 ein
842 3694 951 3748 Zweilel
969 3713 1002 3748 an
1021 3695 1068 3749 der
1087 3694 1209 3748 Echtheit
1229 3695 1276 3748 des
1295 3694 1394 3746 Breves
1413 3691 1574 3763 angedeutet

199 3762 279 3829 wird,
299 3764 430 3818 wahrend
455 3776 531 3818 sonst
556 3765 598 3819 die
622 3765 773 3819 Falschheit
797 3765 937 3819 desselben
963 3765 1016 3818 und
1042 3765 1084 3818 die
1110 3765 1262 3836 Falischung
1288 3763 1371 3818 durch
1396 3762 1438 3816 die
1466 3761 1577 3815 Kanzlei

110 3879 121 3902 ,
199 3833 276 3886 Karls
291 3833 324 3888 V.
345 3835 447 3889 ebenso
462 3836 543 3906 stetig
562 3837 614 3889 wie
633 3835 805 3889 entschieden
825 3836 910 3889 behau
930 3846 967 3889 tet
983 3836 1082 3892 wurde.
1115 3825 1189 3890 Uber
1207 3835 1258 3888 den
1273 3835 1379 3888 Protest
1398 3833 1444 3887 der
1457 3833 1576 3904 Konigin

199 3904 345 3958 Katharina
369 3905 423 3959 und
441 3906 487 3959 das
502 3906 653 3960 Verhiltnis
677 3907 811 3960 zwischen
835 3906 880 3960 der
906 3854 1093 3976 ssispensbulle
1120 3906 1172 3960 und
1192 3906 1253 3959 dem
1273 3905 1472 3976 Dispensbreve
1491 3901 1575 3974 vergl.

199 3973 250 4028 den
271 3975 504 4099 entsppechenden
524 3976 665 4030 Abschnitt
685 3977 710 4030 in
728 3976 776 4030 der
794 3975 954 4048 Einleitung.

308 4053 318 4082 ²
363 4047 464 4101 einrich
477 4047 534 4101 Vll.
554 4047 627 4100 hatte
652 4047 746 4100 anders
766 4048 830 4100 uber
849 4047 890 4100 die
910 4045 1018 4100 Grt'mde
1044 4047 1180 4170 peurteilt,
1205 4048 1246 4101 die
1267 4047 1306 4101 liar
1325 4047 1367 4100 die
1387 4045 1577 4116 Dispensation

198 4117 310 4185 geltend
329 4118 456 4188 gemacht
476 4117 594 4175 worden.
631 4117 683 4170 Am
705 4117 746 4172 28.
762 4117 916 4170 November
937 4131 1004 4185 1504
1027 4117 1116 4188 ltagte
1136 4135 1164 4171 er
1183 4118 1224 4171 bei
1244 4119 1272 4172 P.
1292 4117 1375 4188 Julius
1395 4117 1436 4182 ΙΙ.,
1460 4113 1515 4168 dass
1535 4114 1576 4168 die

198 4203 231 4240 so
251 4187 291 4240 oft
315 4187 401 4271 sehon
427 4188 552 4241 erbetene
576 4188 629 4270 qnd
649 4188 744 4270 bereits
765 4205 818 4241 von
837 4187 987 4270 Alexander
1002 4189 1047 4271 ill.
1067 4188 1120 4241 und
1139 4189 1199 4270 Pius
1220 4189 1263 4244 111.
1284 4187 1432 4270 inusichere
1451 4185 1576 4268 hussicht

198 4257 475 4383 attt'litttttt‘
490 4257 1328 4400 tt?l,attattltatttltttt:stertatlat?latit
1341 4273 1576 4382 tractatae

199 4399 301 4453 nabiles
322 4399 508 4472 legitimasque
528 4409 554 4452 et
574 4408 700 4470 urgentes
724 4415 816 4452 causas
836 4416 886 4452 nos
905 4411 1046 4453 moventes
1072 4399 1105 4452 ad
1123 4399 1275 4453 huiusmodi
1293 4399 1493 4452 matrimonium
1512 4413 1576 4450 con-

198 4470 359 4524 trahendum
379 4479 405 4524 et
424 4469 606 4524 renovandam
626 4487 686 4523 curn
705 4470 768 4541 ipsis
788 4469 934 4524 Catholicis
957 4471 1063 4540 regibus
1084 4469 1247 4524 affinitatem.
1284 4470 1353 4538 (Das
1372 4468 1516 4522 Schreiben
1535 4467 1578 4520 bei

199 4539 316 4606 Pneueit,
336 4542 369 4596 11.
388 4555 422 4606 42
443 4583 448 4594 .
488 4541 662 4612 Bergenroth‚
682 4541 701 4594 l.
721 4557 745 4594 n.
765 4541 840 4608 414.)
876 4540 966 4593 Wenn
985 4541 1053 4593 auch
1071 4541 1111 4594 bis
1131 4540 1209 4594 dahin
1228 4541 1305 4594 lreine
1324 4537 1494 4593 Feindschalt
1513 4537 1576 4592 zwi-

199 4612 285 4666 schen
304 4558 500 4684 Englantlund
519 4612 633 4682 Spauien
654 4611 772 4678 bestand,
800 4611 898 4682 gerade
918 4610 964 4663 der
982 4611 1044 4664 Tod
1061 4611 1174 4665 Arthurs
1194 4612 1301 4665 brachte
1320 4628 1352 4663 so
1371 4608 1577 4680 unangenehnre

199 4679 313 4753 Hagen,
333 4683 557 4752 thclrerstattung
577 4683 623 4735 der
641 4681 748 4752 Magia,
763 4681 1050 4752 Witvvenausstattung
1069 4699 1092 4736 u.
1114 4699 1133 4736 s.
1154 4701 1188 4735 tv.
1208 4683 1234 4735 in
1253 4683 1410 4752 Auregung.
1430 4677 1486 4733 dass
1505 4679 1577 4732 ohne

199 4753 252 4806 den
271 4769 360 4808 neuen
381 4753 546 4822 Ehevertrag
564 4752 644 4806 leicht
663 4751 752 4823 grosse
768 4750 994 4805 Unfreundsclaalt
1013 4751 1085 4805 hatte
1101 4753 1241 4806 entstehen
1255 4752 1369 4805 konnen.
1402 4748 1493 4820 Vergl.
1514 4750 1576 4803 Ber·

199 4824 330 4895 genroth,
359 4825 377 4877 l.
403 4841 428 4877 n.
451 4837 507 4892 325,
531 4837 587 4892 327,
610 4836 655 4892 343
678 4841 702 4876 u.
727 4839 747 4876 s.
767 4841 801 4876 vv.
838 4821 982 4893 Jedeufalls
1002 4837 1093 4875 waren
1117 4822 1159 4875 die
1179 4822 1288 4877 Grttude
1313 4821 1353 4874 liar
1378 4820 1420 4874 die
1444 4819 1577 4891 Dispense

199 4895 337 5019 piwischelp
351 4893 478 5018 Hepnppch
496 4892 550 5016 eqd
558 4891 705 5016 lliatharina
725 4909 792 4964 ganz
812 4891 936 4963 ungleich
949 4891 1000 4946 viel
1021 4891 1128 4963 legaler,
1148 4893 1186 4947 als
1202 4892 1242 4947 lttr
1256 4893 1298 4946 die
1317 4897 1423 4969 spatere
1443 4891 1577 4952 zwischen

227 4982 308 5020 emrrc
347 4983 382 5020 un
446 4981 498 5018 nna
539 4979 628 5037 oeyn.
