3842 5532
1412 311 1480 364 Acta
1500 307 1698 364 consistorialis.

975 525 1060 606 lae.

691 691 776 750 Acta
800 689 1054 750 consistorialia
1084 681 1340 771 (Fortsetzung).

1000 841 1036 907 Π.

433 981 598 1048 Bononiae
621 981 802 1050 deveneris
826 983 915 1050 XXl.
940 982 1084 1050 februarii
1106 1003 1197 1069 1333.
1245 981 1400 1050 Ecclesiae
1417 982 1634 1050 Cantnariensi
1659 979 1699 1046 ad

329 1087 589 1175 supplicationem
614 1090 696 1176 regis
720 1089 854 1176 Angliae
878 1090 1041 1177 provisum
1066 1087 1123 1156 brit
1146 1086 1186 1155 de
1209 1111 1344 1176 persona
1367 1087 1515 1156 Thomae
1533 1088 1698 1155 Cranmar.

432 1211 596 1279 Bononiae
626 1211 676 1280 die
707 1213 799 1281 lunae
829 1214 880 1280 III.
913 1215 1013 1280 martii
1044 1233 1136 1299 1333.
1190 1212 1352 1279 Mandavit
1380 1211 1428 1300 (S.
1462 1211 1501 1278 D.
1531 1211 1590 1300 N.)
1619 1210 1699 1278 tradi

328 1315 453 1403 pallium
479 1317 628 1385 ecclesiae
653 1320 884 1386 cantuariensi.
931 1318 988 1407 (Α.
1014 1317 1033 1385 s.
1059 1318 1152 1405 207.)

432 1441 492 1508 Die
515 1443 640 1510 verteris
664 1442 785 1510 XXVI.
811 1442 998 1531 septembris
1019 1463 1111 1530 1533.
1158 1443 1238 1510 Pisis
1261 1441 1318 1509 luit
1333 1443 1462 1509 consist.
1486 1454 1642 1509 secretum
1667 1442 1699 1507 in

326 1546 451 1634 palatio,
479 1549 511 1614 in
541 1572 605 1637 quo
635 1549 666 1616 S.
696 1549 737 1616 D.
762 1550 803 1616 N.
834 1573 899 1616 non
930 1548 1045 1616 habitat
1074 1561 1134 1616 etc.
1181 1548 1250 1615 Fuit
1279 1571 1335 1636 per
1362 1548 1394 1615 S.
1424 1549 1464 1614 D.
1493 1547 1534 1614 N.
1558 1547 1596 1614 de
1620 1559 1699 1614 voto

327 1653 494 1720 Rmorum.
518 1677 669 1742 suspensa
692 1655 861 1723 declaratio
885 1679 1090 1723 censurarum
1113 1656 1309 1722 incursatum
1333 1677 1389 1742 per
1404 1654 1562 1721 Sermum.
1587 1677 1697 1740 regem

326 1758 459 1846 Angliae
483 1783 576 1848 super
599 1763 769 1844 attentatis,
793 1784 886 1850 super
909 1760 1020 1850 quibus
1044 1763 1117 1828 alias
1140 1759 1240 1828 fuerat
1262 1761 1487 1827 sententiatum
1513 1760 1634 1828 Romae
1659 1758 1700 1826 de

325 1889 436 1932 mense
453 1865 517 1933 iulii
534 1868 679 1954 proxime
696 1866 819 1936 decursi
843 1869 875 1934 in
892 1867 1006 1934 ultimo
1023 1867 1215 1934 consistorio
1232 1865 1272 1932 ibi
1290 1864 1396 1932 habito
1418 1885 1491 1932 ante
1508 1866 1700 1944 vacationes,

325 1983 356 2038 et
379 1991 455 2038 tunc
478 1995 628 2060 suspensa
652 1972 821 2041 declaratio
840 1974 992 2042 dictarum
1018 1995 1221 2040 censurarum
1246 1995 1302 2060 per
1317 1984 1422 2039 totum
1446 1971 1530 2039 hunc
1553 1995 1697 2038 mensem

324 2077 511 2165 septembris
551 2102 635 2147 nunc
671 2079 709 2146 de
745 2104 833 2148 novo
869 2103 924 2168 per
959 2092 1147 2170 sequentem
1186 2099 1330 2146 mensem
1369 2079 1514 2166 proxime
1550 2077 1699 2145 futurum.

326 2183 379 2272 (B-
404 2182 423 2250 f·
451 2183 563 2274 111)ι

430 2307 492 2375 Die
508 2309 632 2375 veneris
649 2307 757 2376 ultima
774 2308 914 2376 octobris
935 2329 1027 2395 1533.
1068 2307 1223 2375 Massiliae
1240 2308 1271 2374 S.
1289 2309 1329 2373 D.
1347 2307 1399 2390 M,
1417 2319 1585 2396 antequam
1603 2308 1701 2374 exiret

325 2411 363 2479 ad
381 2436 526 2501 vesperas
551 2414 668 2481 inania
690 2427 762 2482 ante
787 2414 964 2482 cubiculum
982 2415 1062 2482 Suae
1078 2415 1256 2482 Sanctitatis
1280 2414 1380 2480 tenuit
1404 2413 1701 2501 congregationem,

326 2521 436 2609 inqua
459 2522 627 2608 proposuit
649 2520 688 2588 ad
713 2522 891 2589 instantiam
917 2523 1000 2609 regis
1017 2521 1277 2588 christianissimi
1301 2543 1417 2586 novam
1437 2521 1702 2607 prorogationem

325 2627 357 2691 in
386 2625 597 2714 publicatione
626 2650 828 2694 censurarum
859 2639 1075 2695 emanaturum
1106 2627 1229 2694 Romae
1261 2637 1370 2693 contra
1400 2625 1558 2692 Sermum.
1590 2648 1702 2713 regem

326 2731 460 2819 Angliae
483 2745 613 2820 propter
636 2745 819 2822 attemptata
842 2757 898 2822 per
922 2735 1017 2801 Suam
1042 2733 1258 2815 Maiestatem,
1288 2756 1325 2799 ex
1350 2755 1400 2814 eu,
1425 2733 1495 2821 quia
1520 2743 1704 2821 expectatur

326 2837 377 2905 hic
401 2839 530 2906 nuntius
553 2839 650 2926 ipsius
674 2841 758 2926 regis
782 2840 860 2907 inira
876 2841 995 2929 aliquot
1017 2839 1085 2906 dies
1108 2839 1146 2906 ab
1162 2838 1277 2926 Anglia
1301 2861 1373 2905 cum
1391 2849 1474 2905 certa
1495 2837 1703 2920 resolutione,

327 2962 357 3010 et
374 2967 412 3010 ex
433 2945 490 3011 bac
514 2967 605 3012 causa
622 2945 683 3012 Sua
699 2946 853 3013 Sanctitas
869 2944 909 3013 de
925 2965 1003 3012 voto
1020 2946 1086 3014 RR.
1104 2946 1176 3012 DD.
1202 2967 1361 3026 meorum,
1385 2957 1418 3011 ut
1441 2945 1508 3031 regi
1525 2944 1703 3011 Christmo.

326 3047 527 3132 satisfaceret,
552 3049 630 3118 ultra
646 3052 909 3138 prorogationem
934 3052 966 3118 in
990 3049 1126 3140 praefata
1151 3073 1242 3118 causa
1265 3049 1378 3118 factam
1397 3051 1476 3116 Pisis
1500 3073 1585 3117 nunc
1609 3049 1702 3116 aliani

327 3178 445 3222 novam
474 3157 738 3244 prorogationem
766 3180 860 3245 super
887 3156 1099 3245 publicatione
1129 3155 1283 3224 dictarum
1312 3177 1516 3222 censurarum
1545 3156 1706 3223 concessit

329 3283 383 3348 per
407 3273 512 3328 totum
536 3284 682 3329 mensem
707 3261 891 3330 novembris
916 3265 1060 3351 proxime
1084 3261 1233 3330 futurum.
1281 3260 1332 3349 (B.
1357 3260 1378 3328 f.
1406 3259 1518 3350 319.)¹

434 3383 557 3452 Romae
585 3384 636 3451 die
660 3387 784 3453 veneris
800 3385 885 3453 VIII.
911 3387 1039 3454 ianuarii
1068 3405 1159 3471 1534.
1208 3386 1465 3472 Comparuerunt
1488 3383 1633 3453 advocati
1656 3406 1706 3451 re-

327 3490 421 3577 ginae
446 3489 593 3578 Angliae,
624 3493 677 3580 qui
699 3492 852 3559 instanter
879 3492 1054 3579 petierunt,
1078 3515 1201 3559 causam
1232 3489 1500 3558 matrimonialem
1522 3501 1704 3557 vertentem

328 3607 378 3662 tot
400 3617 502 3664 annos
530 3597 705 3663 inteream
737 3609 768 3664 et
791 3619 901 3684 regem
930 3596 1085 3685 expediri3
1119 3596 1176 3664 fuit
1199 3596 1402 3677 conclusum,
1432 3607 1466 3663 ut
1489 3618 1581 3663 causa
1611 3618 1707 3683 expe·

329 3699 430 3767 diatur
453 3699 585 3768 celerius
608 3724 701 3789 quam
727 3721 843 3790 potest,
867 3704 997 3770 servatis
1020 3714 1127 3769 umen
1150 3702 1322 3770 servandis.
1370 3699 1426 3790 (A.
1452 3700 1472 3768 f.
1499 3701 1591 3790 210.)

435 3824 558 3891 Romae
582 3822 633 3890 die
657 3826 780 3891 veneris
804 3824 940 3893 XXVII.
964 3823 1040 3892 febr.
1066 3847 1157 3913 1334.
1204 3827 1305 3892 Dnus.
1331 3825 1536 3892 Pisauriensis
1559 3823 1634 3893 fecit
1657 3848 1709 3892 re-

329 3929 481 3996 lationem
506 3930 537 3995 in
562 3951 653 3997 causa
677 3931 851 4018 Anglicana
875 3932 1069 3998 matrimonii
1094 3933 1308 4018 interregem
1333 3943 1364 3998 et
1388 3931 1542 4018 reginam.

344 4075 525 4082 -μφ-..μ--μι

437 4165 445 4195 ¹
465 4157 526 4210 Von
545 4157 646 4210 diesem
666 4157 819 4212 Ausschube
844 4159 897 4213 und
920 4159 966 4212 der
985 4159 1138 4230 Thatiglreit
1162 4159 1209 4212 des
1233 4175 1320 4213 neuen
1345 4159 1546 4214 sranzosischen
1565 4159 1710 4214 KardInals

330 4229 460 4281 'l‘ournon
488 4228 530 4280 bei
558 4226 712 4281 demselben
740 4229 839 4298 spricht
867 4231 934 4283 auch
962 4229 1008 4282 der
1034 4229 1214 4284 lranzosische
1240 4227 1583 4285 Gesandtschatisseluetrtr
1608 4229 1710 4285 Nicola

331 4299 429 4351 Raince
447 4298 596 4368 innseinem
615 4297 759 4351 Schreiben
778 4317 825 4352 aus
844 4299 902 4353 Pisa
923 4315 985 4353 vom
1007 4315 1047 4369 27·
1067 4299 1225 4370 September
1247 4315 1320 4370 1333.
1359 4299 1397 4354 Le
1416 4301 1515 4366 Grand,
1536 4299 1580 4354 lll.
1604 4297 1662 4372 569.

436 4375 446 4406 ¹
464 4367 536 4422 Uber
551 4367 593 4420 die
608 4369 702 4421 aweite
717 4369 951 4423 Zusammenkunft
970 4371 1104 4424 zsvischen
1118 4369 1245 4424 Clemens
1258 4369 1317 4424 VII.
1338 4371 1390 4425 und
1405 4371 1468 4425 Karl
1482 4372 1513 4426 V.
1534 4389 1565 4424 zu
1580 4369 1710 4442 Bologna

329 4438 493 4504 (Dezember
515 4452 581 4506 ¹53²
602 4467 633 4478 -
653 4437 769 4492 Februar
789 4441 869 4508 1333)
888 4457 908 4494 s.
928 4441 998 4493 oben
1018 4440 1064 4495 Nr.
1087 4456 1143 4510 130.
1181 4439 1210 4494 In
1235 4440 1390 4496 demselben
1408 4443 1496 4513 Jahre,
1519 4456 1594 4511 1333,
1620 4443 1708 4495 sahen

329 4508 386 4560 sich
406 4507 533 4561 Clemens
549 4508 607 4561 Vll.
627 4508 680 4561 und
698 4508 779 4562 Frana
798 4509 817 4562 Ι.
838 4528 869 4562 au
889 4510 1029 4565 Marseille.
1067 4510 1194 4564 Clemens
1215 4511 1319 4565 verliess
1338 4513 1408 4566 Rom
1427 4530 1470 4566 am
1490 4529 1514 4584 9.
1534 4513 1706 4582 September,

330 4577 447 4631 Ankunst
466 4577 519 4631 und
538 4577 693 4632 Aufenthait
712 4579 737 4632 in
757 4579 816 4632 Pisa
835 4594 876 4645 24.
896 4580 1053 4650 September
1072 4582 1110 4634 bis
1133 4597 1154 4650 3.
1175 4581 1303 4648 Oktober,
1322 4599 1367 4636 arn
1389 4582 1428 4637 16.
1448 4581 1571 4636 Oktober
1589 4599 1634 4636 zur
1653 4581 1709 4637 See

329 4647 447 4701 Aviknnlt
467 4649 493 4700 in
512 4646 653 4714 Marseille,
673 4665 718 4701 wo
737 4649 783 4703 der
802 4649 881 4732 Papst
900 4649 938 4704 bis
960 4665 1000 4704 12.
1020 4651 1174 4706 November
1193 4651 1271 4705 blieb.
1309 4652 1410 4707 Blasius
1430 4653 1463 4706 de
1482 4652 1598 4718 Cesena,
1622 4653 1708 4707 ltine·

331 4717 397 4802 rgtio
416 4715 564 4771 Clementis
584 4717 642 4772 V11.
664 4734 756 4772 versus
775 4719 897 4774 Galliam.
935 4722 1014 4774 Anno
1038 4737 1110 4790 1533.
1148 4722 1213 4776 bibl.
1233 4722 1338 4778 barber.
1359 4723 1470 4778 XXXV.
1490 4723 1566 4791 45,l
1594 4724 1707 4792 187⁵.

331 4785 403 4840 bber
427 4785 469 4839 die
494 4786 650 4858 unwtrrdige
677 4787 793 4860 Haltung
818 4789 957 4844 Heinrichs
972 4790 1041 4845 VIII.
1066 4793 1119 4846 und
1143 4794 1230 4846 seiner
1253 4793 1416 4859 Gesandten,
1443 4793 1609 4847 namentlicb
1634 4810 1686 4848 auc

331 4853 482 4922 Gardiners,
501 4856 542 4909 bei
557 4855 736 4926 Gelegenheit
754 4857 840 4912 dieser
859 4860 1091 4915 Zusamrnenlrunft
1110 4879 1131 4916 s.
1146 4861 1312 4930 Friedmann,
1332 4863 1351 4918 I.
1367 4879 1417 4933 247
1431 4881 1470 4936 sq.
1508 4863 1560 4918 Die
1578 4863 1708 4919 scharlen

331 4923 474 4979 Vorwr'rrse
493 4925 583 4978 Frana'
604 4926 622 4980 1.
642 4927 788 4998 desvvegen
808 4929 849 4982 bei
868 4929 905 4982 Le
924 4929 1022 4998 Grand,
1043 4931 1086 4990 111.
1109 4947 1157 5001 377
1177 4949 1215 5004 sq.
