3782 5532
172 329 235 394 1528
254 320 419 380 November.
1496 313 1537 377 li3

271 486 310 554 Et
331 485 449 574 perche
464 508 558 574 sopra
580 485 608 552 la
634 499 769 554 »venuta
785 484 835 553 del
851 483 1035 573 sopradetto
1052 484 1157 575 Bayliu
1184 487 1313 572 ragiona
1332 487 1537 574 lungamente

167 603 197 660 et
219 592 361 661 discurre
384 615 477 678 sopra
504 592 532 659 la
555 615 631 680 pace
659 592 834 660 universale
859 603 890 660 et
914 611 1033 659 mostra
1061 591 1266 660 inclinatione
1288 605 1388 674 tant0,
1417 613 1537 682 quanto

166 701 338 786 approvarl
360 717 469 788 questa
484 698 606 765 Maesta
630 718 661 766 et
676 699 784 781 Rmo,
806 697 828 764 li
844 697 926 786 quali
949 720 1006 785 per
1022 697 1097 766 altre
1113 699 1163 765 vie
1188 710 1218 765 et
1235 697 1267 765 di
1282 698 1418 786 Spagna,
1443 723 1536 767 come

167 825 219 891 per
242 803 319 872 altre
351 805 415 870 mie
445 803 489 871 ho
517 805 637 886 scritt0,
671 803 778 870 hanno
806 815 920 892 questo
949 804 1120 890 maneggio
1152 805 1183 869 in
1212 803 1343 891 qualche
1374 827 1536 891 speranza:

166 912 242 996 pero
266 909 529 991 coniectando,
557 908 667 976 chela
691 932 765 976 cosa
788 931 855 975 uon
879 931 973 996 possa
1004 908 1099 976 havet
1122 906 1312 996 perfettione
1335 932 1369 976 se
1393 933 1460 976 non
1484 911 1537 998 qui

166 1037 186 1082 o
208 1014 293 1083 dove
322 1015 355 1083 di
377 1016 431 1103 qui
458 1018 525 1082 sara
549 1015 707 1098 ordinatu,
735 1038 792 1103 per
816 1015 962 1102 maggior
984 1013 1097 1082 facilia
1126 1025 1157 1082 et
1180 1037 1296 1081 manco
1325 1015 1537 1083 incommodo

165 1120 244 1189 delle
267 1122 349 1209 parti
372 1139 402 1188 et
426 1144 481 1208 per
505 1120 661 1189 condurre
685 1124 710 1188 sl
734 1120 819 1188 bona
835 1143 909 1187 cosa
933 1121 985 1208 piu
1009 1138 1115 1207 presto
1140 1119 1167 1187 al
1184 1119 1361 1188 desiderato
1385 1119 1459 1203 fine,
1484 1121 1537 1189 de-

165 1225 313 1294 siderano
343 1239 454 1316 questa
482 1228 604 1294 Maesta
635 1252 651 1294 e
676 1227 737 1294 Sua
765 1227 912 1314 Signoria
940 1227 1043 1308 Rma,
1074 1226 1133 1293 che
1163 1227 1203 1293 N.
1234 1226 1370 1314 Signore
1400 1225 1449 1294 dia
1476 1251 1538 1294 una

164 1333 298 1420 speciale
322 1334 552 1400 commissione
576 1355 670 1421 super
693 1333 757 1401 hoc
779 1333 912 1420 negotio
936 1333 1020 1420 pacis
1043 1331 1226 1399 universalis
1249 1355 1266 1398 a
1288 1332 1320 1398 S.
1341 1333 1374 1398 S.
1392 1333 1482 1400 lima.
1506 1347 1538 1402 et

164 1461 256 1506 ame
288 1461 383 1505 come
405 1462 422 1505 a
445 1440 515 1506 suoi
546 1438 639 1525 legati
663 1440 859 1506 coniunctim
889 1457 920 1504 et
943 1437 1067 1506 divisim
1096 1439 1128 1503 in
1157 1436 1260 1525 ampla
1290 1436 1406 1520 forma,
1436 1450 1466 1506 et
1495 1464 1536 1506 un

163 1543 238 1611 altra
262 1545 493 1611 commissione
516 1543 701 1632 particulare
724 1567 820 1626 ame,
844 1566 903 1632 pur
926 1565 1019 1631 sopra
1042 1542 1070 1609 la
1093 1542 1268 1610 medesima
1292 1567 1393 1626 causa,
1417 1547 1538 1613 accioc-

164 1651 222 1717 che
245 1651 278 1716 in
297 1668 425 1731 eventu,
449 1650 508 1718 che
532 1651 559 1717 la
583 1673 657 1718 cosa
680 1673 714 1717 se
738 1651 851 1717 maturi
875 1662 906 1717 et
929 1673 963 1716 se
980 1647 1137 1731 concludi,
1162 1671 1229 1716 non
1253 1651 1278 1716 si
1301 1651 1359 1716 stia
1378 1651 1411 1716 in
1426 1663 1537 1740 tempo

163 1755 351 1844 aspettando
376 1755 515 1826 mandati
538 1769 570 1823 et
586 1737 818 1838 commissioni,
842 1766 875 1822 et
897 1755 955 1822 che
972 1754 1003 1822 S.
1020 1755 1052 1822 S.
1069 1755 1159 1822 Rma.
1184 1778 1251 1822 non
1267 1753 1408 1824 volendo
1433 1780 1537 1825 onon

163 1862 308 1950 potendo
331 1885 388 1950 per
410 1861 580 1930 attendersi
609 1885 714 1950 passar
742 1862 762 1928 il
790 1884 892 1944 mare,
920 1862 953 1928 io
981 1861 1101 1949 potessi
1129 1861 1276 1950 exequire
1307 1884 1370 1929 con
1398 1861 1427 1928 le
1451 1886 1538 1931 com-

164 1969 309 2034 missioni
338 1967 368 2034 di
392 1968 454 2034 Sua
477 1968 598 2036 Santiti
625 1981 656 2036 et
678 1969 813 2036 autoritl
841 1966 872 2034 di
896 1979 1005 2056 questa
1028 1967 1164 2048 Maesti,
1194 1986 1312 2055 quanto
1342 1966 1426 2034 fusse
1450 1969 1471 2035 il
1493 1969 1537 2036 bi-

164 2097 279 2161 sogno,
310 2072 569 2141 conducendomi
599 2077 631 2140 in
662 2072 793 2163 qualche
823 2073 923 2160 luogo
954 2072 1130 2140 commodo
1161 2072 1211 2140 alli
1240 2075 1358 2141 oratori
1391 2087 1422 2143 et
1450 2098 1538 2142 com·

164 2180 297 2248 missarii
320 2178 352 2246 di
375 2181 478 2268 questi
500 2181 648 2268 principi,
672 2179 724 2246 nel
746 2179 818 2270 qual
840 2181 894 2267 pili
917 2178 1096 2246 facilmente
1121 2190 1152 2245 et
1175 2180 1207 2245 in
1230 2180 1284 2268 piu
1307 2177 1403 2248 breve
1426 2192 1537 2270 tempo

164 2285 188 2351 si
211 2284 380 2373 potessino
404 2285 499 2352 havet
526 2296 670 2374 resposte
698 2304 730 2353 et
753 2284 932 2353 risolutioni
960 2283 998 2352 da
1022 2283 1092 2352 loro
1122 2285 1298 2373 principali,
1327 2287 1475 2354 massime
1500 2287 1538 2356 da

164 2409 272 2479 questa
301 2391 438 2474 Maesa,
465 2391 581 2478 poiche
609 2414 673 2479 par,
703 2390 762 2458 che
791 2413 859 2458 essa
887 2389 979 2457 habbi
1007 2390 1046 2458 ad
1077 2413 1162 2458 esser
1192 2413 1286 2458 come
1316 2404 1477 2481 sequestra
1506 2406 1538 2462 et

164 2495 323 2564 fiduciaria
347 2518 482 2584 persona
506 2494 576 2564 dell’
601 2519 662 2564 una
687 2508 719 2564 et
741 2496 839 2563 l'altra
862 2508 965 2584 parte,
994 2509 1026 2563 et
1049 2497 1081 2562 iu
1104 2495 1133 2564 le
1157 2497 1207 2564 cui
1238 2496 1324 2563 mani
1347 2521 1382 2564 se
1405 2497 1537 2566 habbia

164 2601 308 2689 deponer
330 2600 436 2690 quello
454 2602 512 2668 che
528 2604 666 2670 remarrl
689 2601 848 2690 pendente
864 2603 935 2667 sino
953 2600 1009 2668 alla
1032 2600 1164 2689 perfetta
1180 2603 1368 2669 executione
1385 2602 1416 2670 di
1431 2605 1537 2672 tutto’l

164 2717 302 2788 trattato,
326 2729 360 2774 se
383 2707 449 2774 Dio
472 2709 500 2774 ci
523 2710 662 2795 prestera
685 2719 770 2776 tanta
792 2708 901 2794 gratia,
926 2707 984 2774 che
1008 2708 1036 2773 ci
1059 2707 1218 2774 veniamo

271 2813 311 2880 Et
337 2824 421 2880 tutto
449 2832 562 2902 questo
589 2815 692 2881 scrivo
722 2812 753 2880 di
781 2814 1011 2881 commissione
1039 2813 1070 2880 di
1099 2824 1212 2901 questo
1240 2813 1334 2881 Rmo.
1365 2827 1395 2882 et
1423 2815 1536 2900 lllmo,

167 2942 232 2986 non
257 2919 317 2986 che
340 2920 372 2986 io
392 2941 460 2986 non
483 2921 599 3008 sappia,
623 2919 681 2987 che
703 2917 926 2988 retrovandosi
948 2919 1105 3006 Monsigr.
1123 2917 1402 2988 Reverendissimo
1415 2922 1536 2990 Vostro

166 3025 196 3092 di
210 3025 249 3108 ll,
274 3048 411 3114 persona
434 3022 485 3092 del
500 3026 607 3093 valore
632 3037 663 3092 et
678 3024 844 3113 prudentia
868 3024 926 3092 che
949 3026 982 3090 in
999 3021 1030 3092 S.
1047 3025 1078 3091 S.
1096 3025 1187 3094 Rma.
1212 3049 1338 3114 sempre
1361 3029 1387 3093 si
1404 3031 1421 3094 ὲ
1438 3052 1537 3096 cono-

166 3133 273 3213 sciuta,
298 3154 365 3198 non
381 3130 541 3198 accaderia
564 3154 688 3199 cercare
703 3130 794 3199 altro.
833 3131 875 3198 Di
892 3133 942 3198 cib
959 3133 1108 3198 scrivono
1132 3154 1248 3199 ancora
1265 3151 1296 3199 et
1312 3147 1536 3203 commettono

167 3236 193 3304 al
213 3237 376 3305 Caraliere
400 3236 471 3304 loro
495 3249 632 3319 oratore,
657 3239 715 3305 che
739 3261 780 3304 ne
803 3236 869 3304 farli
893 3237 925 3303 in
949 3236 1151 3318 conformita,
1176 3249 1208 3304 et
1231 3236 1419 3307 desiderano
1443 3263 1537 3329 sopra

167 3344 215 3409 cib
237 3361 344 3432 presta
373 3355 405 3410 et
426 3343 556 3410 risoluta
584 3345 727 3432 risposta.
773 3343 810 3410 ln
834 3361 948 3432 questo
976 3366 1086 3412 mezzo
1114 3344 1141 3409 si
1164 3342 1279 3410 anderl
1309 3343 1485 3432 digerendo
1509 3347 1536 3414 la

167 3451 294 3517 materia
318 3461 349 3516 et
372 3448 536 3537 pensando
560 3447 591 3516 di
614 3473 657 3516 un
681 3448 780 3536 luogo
805 3447 905 3517 habile
929 3469 960 3518 et
985 3447 1172 3516 commodo.

269 3556 309 3622 Et
332 3555 448 3643 percha
471 3554 499 3622 la
521 3557 585 3637 via,
610 3555 694 3622 ch'io
724 3555 828 3622 scrissi
852 3557 965 3622 essersi
987 3567 1105 3623 tentata
1129 3579 1191 3623 con
1219 3555 1265 3622 ula
1289 3557 1389 3638 reina,
1419 3555 1450 3624 di
1473 3556 1537 3625 fare

168 3661 274 3728 alcuna
297 3659 497 3748 professione
521 3659 551 3728 di
571 3660 751 3749 religione«
777 3673 848 3743 etc,
871 3684 965 3728 come
990 3684 1057 3728 non
1081 3661 1119 3727 ha
1146 3659 1264 3728 »senna
1286 3684 1445 3751 speranza,
1471 3667 1537 3730 cosl

168 3791 231 3835 non
261 3771 278 3834 e
307 3767 335 3833 al
363 3777 446 3834 tutto
480 3765 676 3853 disperata«,
709 3765 852 3834 secondo
880 3766 939 3833 che
967 3766 988 3832 li
1019 3765 1182 3854 »deputati
1219 3767 1398 3855 consiglieri
1429 3767 1537 3836 referi·

167 3895 304 3940 sconou:
328 3874 405 3960 perh
428 3873 461 3938 in
477 3895 562 3954 caso,
586 3871 645 3939 che
660 3896 677 3939 a
693 3885 807 3961 questo
831 3874 855 3938 si
876 3873 997 3939 venisse
1023 3885 1225 3961 »questore«
1251 3872 1405 3941 vorrebbe
1431 3855 1537 3942 uesser¹

168 3999 252 4047 certo
277 3991 309 4046 et
332 3979 427 4046 havet
449 4001 510 4045 una
535 3977 681 4066 dispensa
705 4001 725 4044 o
748 3978 878 4045 licenzia
900 4001 994 4046 senza
1017 3980 1249 4062 controversia,
1273 3978 1312 4046 da
1333 3979 1375 4047 N.
1401 3981 1536 4068 Signore

167 4085 197 4154 di
223 4097 317 4174 poter
344 4085 400 4174 poi
426 4083 617 4152 licitamente
648 4085 779 4152 transire
807 4084 846 4152 ad
874 4084 1027 4152 secundas
1056 4086 1198 4172 nuptias«
1211 4089 1233 4168 ¹,
1261 4084 1384 4153 bencha
1412 4088 1460 4154 sin
1483 4090 1536 4177 qui

170 4213 253 4257 anon
277 4191 307 4258 ci
329 4191 375 4257 sia
397 4213 560 4278 speranza,
590 4189 649 4258 che
673 4188 774 4258 debba
796 4192 886 4258 venir
914 4192 947 4258 in
970 4214 1082 4273 caso«,
1111 4213 1188 4280 pure
1212 4193 1244 4258 in
1268 4204 1420 4261 eventum
1446 4217 1537 4262 »vot-

167 4295 310 4364 rebbono
338 4296 454 4364 havere
481 4308 591 4385 questa
618 4320 693 4364 cosa
721 4296 874 4380 resoluta,
905 4301 946 4364 ne
973 4320 1030 4384 per
1058 4309 1170 4385 questo
1199 4297 1331 4386 voglino
1361 4298 1469 4365 lasciar
1496 4299 1536 4367 de

167 4405 269 4491 seguir
293 4400 428 4468 l’ordine
452 4414 484 4470 et
506 4402 535 4469 la
557 4404 606 4470 via
629 4401 681 4469 del
703 4424 888 4490 processo«.
934 4404 1017 4470 Pero
1041 4426 1133 4492 sopra
1157 4415 1271 4492 questo
1299 4427 1416 4471 ancora
1439 4406 1479 4472 V.
1503 4405 1534 4472 S.

168 4505 368 4577 rescrivendo
392 4507 586 4596 responderi
608 4520 727 4597 quanto
751 4511 818 4575 sara
840 4507 869 4574 la
892 4527 1001 4576 mente
1025 4507 1056 4576 di
1079 4509 1140 4577 Sua
1164 4509 1371 4578 Beatitudine.

167 4666 303 4722 Wihrend
325 4665 373 4720 der
392 4666 539 4737 Belagerun
578 4684 632 4721 von
650 4665 761 4721 florenz
780 4684 837 4722 war
859 4668 897 4721 sie
916 4666 1155 4722 verschiedentlich
1179 4669 1247 4722 nahe
1270 4667 1362 4734 daran,
1388 4669 1430 4722 ein
1450 4666 1536 4740 Opfer

167 4737 211 4792 des
229 4739 330 4794 Hasses
350 4753 439 4808 gegen
459 4737 501 4791 die
550 4737 616 4792 edici
634 4755 667 4791 zu
685 4738 803 4793 werden.
830 4737 922 4809 Vergl.
942 4737 1063 4809 Pompeo
1077 4736 1154 4802 Litta,
1173 4738 1211 4792 Le
1230 4737 1348 4809 samiglie
1367 4739 1465 4793 celebri
1483 4739 1535 4794 lta·

168 4807 240 4864 lianc.
278 4808 325 4862 Ed.
346 4823 370 4863 2.
406 4807 503 4862 Medici
523 4808 600 4862 Tafel
619 4808 651 4862 11.

272 4888 280 4918 ¹
301 4878 393 4949 Vergl.
412 4877 493 4932 damit
512 4878 554 4932 die
577 4879 773 4933 Instruktionen
792 4879 919 4951 Wolseys
938 4896 971 4933 an
994 4879 1037 4932 die
1056 4878 1210 4934 Gesandten
1228 4881 1254 4934 in
1278 4881 1361 4947 Rom,
1384 4879 1460 4934 Ende
1477 4880 1535 4936 No-

168 4951 274 5004 vember
296 4950 372 5019 1528,
392 4949 501 5004 Brewer
519 4949 564 5003 IV.
584 4962 653 5019 4977
672 4967 697 5021 p.
717 4949 794 5019 2158,
813 4951 882 5004 auch
899 4964 969 5022 4979
987 4968 1013 5005 n.
1036 4965 1057 5020 5.
