3810 5528
185 332 254 402 1528
273 327 355 405 April.
1513 317 1554 382 35

180 491 258 560 alias
269 495 300 559 in
314 516 373 560 suo
389 493 505 560 robore
522 492 686 576 duraturis,
703 491 808 582 quoad
823 493 1024 560 matrimonia
1040 515 1096 580 per
1108 511 1139 559 te
1153 491 1367 559 contrahenda
1380 492 1554 580 specialiter

181 612 215 666 et
239 621 385 687 expresse
408 597 600 687 derogamus
624 621 752 665 necnon
775 601 892 687 potiori
909 621 967 686 pto
992 597 1110 666 cautela
1135 610 1166 666 et
1189 616 1223 665 ut
1247 599 1309 666 hoc
1331 610 1476 666 nostrum
1501 599 1554 667 de·

181 716 307 773 cretum
331 707 501 773 certiorem
524 707 671 772 sortiatur
694 703 842 772 effectum
868 703 1007 794 nihilque
1031 706 1180 792 deinceps
1204 727 1243 771 ex
1267 703 1432 792 praedictis
1458 729 1553 772 cano-

180 811 275 878 nibus
302 810 427 898 allegari
456 822 567 901 queat,
595 810 681 899 quod
712 812 913 878 matrimonia
941 833 997 898 per
1028 823 1060 878 te
1093 809 1309 878 contrahenda
1340 811 1551 898 impugnaret,

102 1005 107 1012 ι
181 916 382 984 causantibus
404 915 538 984 fortasse
561 915 730 1005 aliquibus,
759 939 826 983 non
855 939 911 1006 per
939 915 1074 983 modum
1098 914 1214 984 decreti
1244 934 1298 983 aut
1325 916 1552 1004 derogationis,

180 1022 239 1090 sed
262 1022 506 1112 dispensationis
530 1022 673 1111 specialis
697 1023 773 1090 haec
796 1021 865 1089 fieri
888 1036 1054 1110 oportere,
1077 1034 1185 1089 tecum
1208 1033 1332 1089 utnon
1356 1020 1552 1090 obstantibus
1641 1113 1642 1117 Ἰ

182 1129 369 1212 canonibus,
394 1128 684 1210 constitutionibus,
708 1127 976 1210 ordinationibus,
1005 1129 1127 1197 statutis
1155 1139 1207 1195 aut
1231 1127 1296 1194 aliis
1325 1127 1446 1214 legibus
1474 1153 1553 1218 quo-

181 1259 307 1325 cunque
331 1237 464 1304 nomine
488 1247 677 1303 censeantur
700 1233 865 1302 antedictis
888 1234 995 1302 aliisve
1023 1236 1054 1302 in
1079 1257 1115 1301 ea
1138 1247 1226 1322 parte
1249 1233 1340 1301 editis
1363 1234 1553 1323 quibuscun-

181 1365 254 1432 que,
279 1365 350 1409 eam
373 1341 551 1424 mulierem,
575 1364 653 1431 quae
678 1340 727 1409 vel
750 1352 881 1428 propter
902 1352 1176 1429 praecontractum
1200 1363 1273 1406 cum
1297 1340 1357 1406 alio
1380 1363 1437 1428 per
1459 1341 1553 1410 verba

182 1447 222 1514 de
245 1449 403 1536 praesenti
425 1447 554 1530 factum,
578 1446 678 1515 modo
708 1459 931 1515 consumatum
961 1460 1013 1514 aut
1041 1447 1282 1514 solemnizatum
1312 1448 1551 1516 matrimonium

181 1577 250 1620 non
280 1553 383 1637 fuerit,
415 1553 722 1642 impedimentumve
749 1552 891 1642 publicae
920 1554 1093 1620 honestatis
1124 1553 1258 1619 iustitiae
1287 1576 1325 1620 ex
1356 1553 1552 1620 clandestino

181 1679 347 1728 contractu
370 1662 586 1748 provenientis
609 1670 661 1727 aut
685 1659 842 1726 affinitatis
865 1662 897 1726 in
921 1681 1112 1748 quocunque
1130 1658 1229 1746 gradu
1246 1660 1368 1726 etiamsi
1392 1661 1496 1747 primo
1514 1683 1551 1726 ex

181 1765 290 1834 illicito
315 1767 400 1833 coitu
424 1767 640 1854 contingentis
664 1765 838 1853 gradumve
862 1767 1144 1853 consanguinitatis
1172 1767 1301 1832 tertium
1325 1776 1378 1833 aut
1405 1778 1552 1855 quartum

182 1874 452 1960 cognationemve
484 1873 677 1960 spiritualem
710 1895 931 1962 quamcunque
965 1871 1080 1960 alioqui
1119 1893 1175 1958 per
1206 1893 1364 1952 canones,
1402 1872 1552 1940 ecclesiae

181 1981 289 2060 ritum,
319 2000 445 2046 morem
474 1996 505 2045 et
534 1978 800 2046 consuetudinem
831 1979 1038 2046 matrimonio
1067 1976 1205 2065 copulari
1239 1979 1453 2067 coniungique
1485 2003 1552 2046 non

180 2097 301 2172 posset,
324 2082 408 2152 licite
423 2085 564 2172 accipere
587 2085 706 2172 poteris
724 2083 768 2174 (l)
785 2107 919 2151 uxorem
935 2107 971 2150 ac
993 2096 1025 2151 te
1042 2095 1073 2150 et
1089 2082 1172 2150 illam
1189 2083 1371 2151 huiusmodi
1386 2085 1552 2152 mulierem

180 2213 304 2280 vosque
328 2204 359 2258 et
382 2191 553 2280 quemlibet
569 2203 720 2273 vestrum,
744 2214 816 2258 cum
841 2190 910 2258 data
934 2189 1142 2257 contrahendi
1158 2189 1301 2258 facultate
1325 2192 1465 2279 accipere
1483 2214 1553 2258 eam

180 2297 260 2365 velis
283 2297 461 2387 ducereque
485 2320 636 2381 uxorem,
664 2321 681 2364 a
709 2297 869 2386 quibusvis
898 2297 1252 2378 excommunicationis,
1281 2298 1499 2383 suspensionis
1523 2309 1553 2366 et

181 2402 341 2471 interdicti
364 2405 528 2472 sententiis
552 2403 590 2470 ad
615 2403 761 2472 effectum
786 2405 956 2492 praemissa
980 2399 1197 2491 consequendi
1225 2401 1424 2470 absolventes
1449 2416 1480 2472 et
1502 2403 1553 2471 ab·

182 2509 306 2577 solutos
333 2508 401 2577 fore
432 2509 655 2591 decernentes,
686 2521 720 2578 ut
743 2511 983 2578 matrimonium
1011 2531 1067 2596 per
1094 2507 1188 2574 verba
1216 2506 1256 2574 de
1287 2511 1445 2595 praesenti
1476 2533 1553 2577 con·

181 2615 322 2698 trahere,
351 2615 559 2685 solemnizare
588 2629 619 2684 et
647 2637 835 2684 consumare
863 2615 1000 2702 possitis.
1047 2614 1184 2680 Causam
1212 2636 1272 2701 qua
1302 2636 1486 2697 movemur,
1514 2616 1553 2684 ad

183 2741 318 2789 omnem
347 2744 440 2810 super
468 2725 668 2811 surreptione
697 2741 749 2788 aut
778 2721 966 2809 obreptione
990 2742 1140 2787 causaeve
1169 2718 1248 2786 illius
1271 2718 1428 2788 validitate
1461 2745 1554 2811 quae-

183 2828 323 2896 stionem
351 2826 487 2896 futuram
516 2827 746 2896 removendam
779 2827 1012 2917 supprimentes
1046 2838 1077 2893 et
1105 2849 1174 2892 eam
1204 2825 1410 2894 nihilominus
1440 2829 1553 2896 iustam

184 2945 303 3002 certam
328 2936 491 3021 cognitam
513 2957 702 3023 perpensam
726 2932 899 3001 discussam
928 2931 1122 3020 exploratam
1147 2945 1178 3000 et
1201 2930 1400 3000 diiudicatam
1424 2957 1482 3022 pro
1504 2935 1555 3002 hic

184 3061 332 3126 expressa
355 3039 516 3122 habentes,
540 3064 578 3106 ex
603 3060 687 3107 certa
709 3041 839 3107 scientia
868 3051 900 3106 et
922 3061 1012 3106 mero
1037 3050 1128 3105 motu
1153 3039 1269 3105 nostris
1298 3037 1400 3128 deque
1428 3052 1555 3109 nostrae

184 3147 349 3233 potestatis
372 3145 568 3234 plenitudine
591 3145 837 3214 misericorditer
860 3148 893 3212 in
916 3146 1062 3214 Domino
1086 3143 1319 3233 dispensamus,
1348 3144 1556 3216 decernentes

184 3251 309 3338 prolem
333 3276 372 3320 ex
394 3251 447 3320 tali
476 3253 682 3320 matrimonio
711 3250 942 3340 suscipiendam
973 3252 1146 3338 legitimam
1176 3250 1245 3320 fore
1274 3274 1309 3319 ac
1332 3263 1493 3342 tamquam
1518 3279 1556 3322 ex

185 3357 392 3425 matrimonio
412 3369 517 3425 natam
543 3371 575 3425 et
597 3377 805 3447 procreatam,
830 3358 879 3424 cui
903 3356 980 3424 nihil
1002 3356 1235 3445 praedictorum
1259 3356 1353 3424 obiici
1376 3371 1479 3447 queat,
1504 3360 1556 3429 ha-

184 3461 249 3530 beri
273 3465 506 3551 imperpetuum
531 3474 562 3530 et
585 3465 721 3552 reputari
745 3462 869 3531 debere.
916 3464 992 3531 Non
1021 3462 1216 3530 obstantibus
1240 3463 1478 3554 quibuscunque
1501 3465 1557 3533 ob-

185 3568 373 3638 iectionibus
397 3581 450 3636 aut
472 3568 711 3658 allegationibus
735 3568 774 3637 de
797 3571 910 3637 notitia
933 3580 1188 3657 praecontractus
1211 3567 1360 3637 antedicti
1383 3593 1439 3658 per
1463 3571 1556 3640 verba

185 3673 225 3742 de
239 3676 398 3762 praesenti
422 3678 585 3757 contracti,
609 3689 662 3743 aut
678 3687 858 3744 contractus
881 3675 972 3756 illius,
996 3673 1079 3742 unde
1096 3673 1217 3762 publica
1241 3673 1389 3743 honestas
1411 3679 1556 3760 oriretur,

184 3781 250 3848 sive
274 3780 362 3869 quod
379 3780 537 3848 eiusmodi
552 3780 736 3850 affinitatem
761 3806 799 3850 ex
815 3804 951 3871 persona
973 3793 1026 3850 tua
1042 3793 1198 3849 causatam
1218 3781 1368 3870 allegetur
1384 3783 1557 3870 gradumve

186 3887 468 3974 consanguinitatis
491 3889 618 3954 tertium
644 3901 696 3956 aut
720 3901 864 3977 quartum
894 3888 1107 3954 intercessisse
1131 3885 1212 3953 fama
1237 3899 1288 3955 aut
1311 3911 1440 3956 rumore
1465 3891 1557 3956 inno-

184 3994 282 4061 tuisse
315 3990 482 4074 diceretur,
514 4005 567 4060 aut
600 3991 735 4082 praefata
767 3992 994 4081 impedimenta
1027 3994 1135 4059 onmia
1169 4015 1321 4061 eorumve
1353 3995 1454 4084 aliqua
1483 4019 1557 4063 vere

186 4097 394 4166 intervenisse
412 4099 530 4186 poterit
546 4097 654 4168 doceri
671 4112 702 4166 et
718 4101 812 4166 etiam
835 4122 869 4166 re
884 4123 957 4166 vera
981 4100 1218 4181 intervenerint,
1243 4123 1302 4189 qua
1326 4101 1357 4166 in
1375 4124 1408 4168 re
1425 4123 1557 4169 omnem

186 4205 402 4272 conscientiae
429 4222 501 4271 tuae
533 4204 714 4292 scrupulum
747 4206 914 4273 eximimus
947 4227 1099 4272 neceam
1131 4203 1297 4292 praedictis
1327 4206 1558 4274 obiectionibus

186 4309 347 4377 subiacere
370 4309 518 4377 volumus
548 4330 579 4378 et
602 4311 782 4399 inquietari,
812 4310 868 4378 sed
896 4331 930 4378 ut
961 4323 1026 4378 tam
1055 4311 1087 4377 in
1115 4309 1187 4377 soro
1211 4311 1277 4400 poli
1305 4336 1398 4401 quam
1428 4312 1488 4380 fori
1517 4316 1559 4382 sis

186 4416 324 4482 omnino
348 4437 487 4497 securus,
510 4427 563 4482 aut
579 4415 715 4504 denique
731 4418 839 4506 quavis
862 4416 919 4483 alia
934 4415 1122 4504 allegatione
1143 4417 1192 4485 vel
1210 4416 1248 4484 de
1265 4441 1332 4485 non
1356 4421 1559 4507 expressione

188 4544 298 4588 causae
322 4544 382 4610 qua
411 4544 590 4603 movemur,
619 4520 830 4610 subreptionis
861 4536 913 4591 aut
941 4521 1138 4610 obreptionis
1161 4523 1259 4605 vitiis,
1290 4525 1355 4590 sive
1384 4523 1423 4590 de
1452 4539 1560 4593 nostra

188 4629 376 4716 captivitate,
401 4627 440 4694 de
457 4629 680 4724 impetratione
704 4651 759 4716 per
775 4631 1048 4718 importunitatem
1072 4639 1125 4695 aut
1140 4630 1271 4715 gratiam
1297 4626 1375 4697 deve
1398 4653 1449 4712 eo,
1473 4631 1560 4719 quod

187 4751 334 4822 tempore
363 4735 536 4821 praesentis
564 4731 683 4802 decreti
713 4737 780 4803 sive
807 4737 924 4823 gratiae
954 4735 1026 4802 facti
1055 4747 1086 4802 et
1114 4757 1284 4802 concessae
1312 4758 1330 4801 a
1353 4738 1559 4804 matrimonio

187 4836 265 4906 liber
288 4851 320 4908 et
343 4838 465 4906 solutus
493 4861 559 4906 non
587 4838 700 4922 suetas,
728 4863 804 4929 quas
828 4863 942 4908 omnes
971 4852 1003 4907 et
1029 4839 1167 4927 singulas
1195 4839 1399 4929 allegationes
1428 4865 1486 4931 pro
1511 4843 1561 4912 iri-

189 4943 268 5014 volis
301 4959 332 5014 et
366 4943 577 5013 inefficacibus
612 4945 764 5014 habentes
797 4947 893 5014 veluti
926 4947 1107 5014 temerarias
1141 4956 1173 5013 et
1208 4945 1306 5014 nullas
1341 4949 1500 5016 relicimus
1531 4963 1561 5018 et

1404 5071 1430 5115 εἰ
