3850 5534
864 1245 896 1326 1.

277 1416 461 1484 Heinrich
485 1417 570 1485 VIII.
594 1440 633 1485 an
656 1416 805 1487 Kardinal
828 1417 989 1488 Ridolfi.
1036 1418 1202 1502 Windsor,
1231 1442 1278 1488 ro.
1302 1421 1363 1506 Juli
1390 1442 1482 1510 1527.

302 1575 359 1628 Der
376 1575 464 1646 Konr'g
482 1576 582 1646 hellagt
599 1577 646 1631 das
667 1576 781 1649 Unglatck
799 1578 876 1634 Roma
894 1579 948 1633 und
965 1581 1007 1633 die
1028 1579 1243 1650 Gesangensclaast
1260 1580 1302 1633 des
1321 1581 1428 1653 Papstes,
1446 1582 1488 1635 die
1505 1583 1566 1636 Ver—

190 1672 315 1736 wttslung
334 1665 415 1718 vieler
433 1663 544 1718 Kircltett
563 1665 616 1718 atad
634 1665 808 1738 Heilt'glalmer
825 1668 905 1721 durch
923 1669 972 1721 dea
992 1667 1069 1722 Sacro
1088 1668 1118 1720 di
1136 1667 1217 1722 Roma
1236 1684 1279 1721 am
1297 1667 1321 1722 6.
1338 1669 1397 1723 Mai
1416 1685 1429 1722 r
1431 1685 1491 1740 527.
1529 1671 1567 1724 Er

190 1757 230 1808 sei
248 1771 280 1824 aa
299 1754 373 1824 jeder
395 1753 535 1824 moglichen
560 1753 610 1807 Art
632 1772 684 1808 voa
703 1754 783 1826 Httlse
808 1756 886 1810 berei!
909 1758 962 1810 und
984 1756 1058 1810 sende
1082 1756 1139 1809 rhen
1161 1759 1222 1826 fetat
1243 1756 1291 1809 den
1311 1757 1444 1812 Kardinal
1470 1759 1567 1830 Wolsey

191 1843 259 1898 nach
278 1843 335 1896 dem
356 1841 495 1908 holande,
514 1861 556 1896 um
575 1845 622 1896 mil
640 1841 727 1912 Fron(
745 1843 765 1896 I.
784 1862 836 1898 uon
855 1843 1012 1899 Frattkret'ch
1029 1845 1072 1898 die
1090 1845 1194 1914 adligata
1214 1843 1322 1898 Schritle
1339 1863 1370 1916 (a
1388 1847 1497 1900 baraten.
1530 1847 1567 1900 Er

191 1933 256 1986 bitte
273 1932 354 1985 daher
371 1932 419 1984 den
439 1931 572 1985 Kardinal
590 1931 696 2001 liidolfi,
721 1932 772 1986 sich
789 1935 837 1986 mit
855 1934 904 1987 den
922 1935 1029 2005 albrigen
1047 1933 1221 1988 italient'sclaen
1241 1933 1416 2000 Karda'na'len,
1439 1936 1482 1988 die
1500 1936 1568 1989 nicht

192 2023 242 2074 mit
260 2021 319 2074 dem
337 2019 426 2092 Popste
442 2020 571 2092 gesangen
587 2022 664 2086 seim,
682 2021 721 2074 bei
742 2021 824 2075 dieser
843 2022 1069 2094 Zusummenkuast
1087 2021 1212 2093 einfinden
1235 2039 1266 2091 aa
1283 2023 1389 2088 wollen,
1415 2042 1457 2076 um
1476 2026 1504 2077 in
1520 2043 1567 2094 ge·

192 2111 348 2162 meinsumer
371 2109 504 2179 Beratung
520 2108 572 2179 sair
594 2109 636 2161 die
660 2109 801 2182 Bejreiung
823 2110 866 2163 des
890 2110 989 2182 Papsles
1013 2127 1042 2180 (a
1067 2111 1173 2164 wt'rken.
1211 2110 1267 2163 Dar
1289 2110 1376 2182 Kottig
1399 2111 1484 2164 werde
1506 2113 1567 2165 alles

192 2199 254 2252 dart
273 2197 443 2250 Bescblossene
459 2196 564 2267 gerelm
583 2197 667 2250 ballea
687 2197 739 2250 und
758 2197 822 2252 nacla
841 2198 952 2270 Krasten
970 2197 1140 2270 atasrusallaren
1158 2198 1254 2252 stachen.

342 2357 437 2426 Rmo.
467 2357 498 2423 in
528 2355 656 2426 Christo
684 2357 767 2425 Patri
795 2357 941 2424 Domino
970 2355 1117 2424 cardinali
1139 2356 1294 2439 Rodulf0,
1321 2355 1427 2445 legato

554 2462 751 2544 Patrimonii,
775 2465 879 2531 amico
904 2481 1017 2531 nostro
1041 2463 1214 2530 carissimo.

302 2604 460 2673 Henticus
483 2605 523 2671 D.
547 2626 594 2691 gr.
618 2626 674 2671 rex
695 2603 829 2692 Angliae
853 2616 884 2672 et
907 2605 1065 2686 Franciae‚
1089 2602 1162 2671 fidei
1186 2602 1336 2671 defensor
1359 2627 1394 2671 ac
1418 2602 1567 2671 dominus

191 2711 365 2778 Hiberniae
396 2711 491 2778 Rmo,
528 2710 560 2776 in
590 2709 720 2776 Christo
754 2710 838 2776 Patri
873 2709 904 2777 S.
942 2711 979 2779 R.
1016 2710 1050 2776 E.
1088 2707 1235 2776 cardinali
1266 2708 1422 2791 Rodulfo,
1463 2711 1567 2777 amico

192 2829 309 2886 nostro
339 2816 470 2884 Carmo.
499 2814 553 2882 sal.
604 2815 800 2883 Arbitramur
834 2815 1016 2884 mortalium
1052 2817 1217 2883 neminem
1248 2839 1332 2898 esse,
1363 2816 1416 2904 qui
1445 2815 1568 2884 cladem

194 2935 228 2991 et
251 2923 479 2991 contumeliam
508 2920 608 2988 almae
636 2921 721 2990 urbis
744 2923 867 2990 Romae
893 2922 1004 3012 (quam
1029 2921 1260 3010 Apostolorum
1285 2919 1396 2990 sedem
1424 2920 1463 2989 ad
1491 2921 1568 2990 haec

194 3053 296 3120 usque
329 3041 475 3117 tempora
503 3051 628 3095 summa
656 3029 802 3095 omnium
831 3029 1037 3096 veneratione
1070 3029 1290 3095 intemeratam
1319 3027 1465 3096 Christus
1497 3051 1566 3096 esse

192 3134 315 3224 voluit)
344 3147 397 3202 aut
425 3135 516 3201 siccis
544 3133 643 3201 oculis
672 3133 790 3217 videre,
814 3147 867 3203 aut
897 3157 964 3201 non
995 3145 1146 3222 gemente
1178 3133 1275 3201 corde
1302 3135 1391 3202 triste
1419 3136 1566 3202 nuntium

193 3238 303 3308 audire
327 3243 475 3328 potuerit.
523 3239 623 3321 Quod
647 3242 733 3307 enim
757 3239 876 3308 facinus
900 3241 1072 3329 excogitari
1095 3251 1241 3327 potuerat
1264 3239 1443 3308 sceleratius
1459 3239 1497 3307 ab
1519 3241 1566 3308 his

193 3347 392 3436 praesertim,
416 3347 469 3435 qui
492 3369 527 3413 se
543 3346 643 3414 semel
659 3345 842 3414 addixerant
857 3345 1014 3434 religioni,
1038 3369 1133 3436 quam
1149 3365 1184 3412 ut
1207 3369 1278 3412 eam
1295 3344 1400 3412 modis
1417 3345 1566 3414 omnibus

194 3477 281 3521 nunc
310 3451 443 3542 perdere
476 3455 646 3521 conentur!
694 3453 844 3536 Quorum
881 3465 967 3520 certe
1000 3472 1066 3520 tarn
1105 3474 1254 3541 praeceps
1282 3453 1384 3520 extitit
1410 3453 1566 3540 impietas,

195 3572 230 3628 ut
259 3559 416 3627 dirissima
447 3578 477 3628 et
507 3559 722 3627 crudelissima
749 3583 892 3650 quaeque
922 3561 954 3626 in
978 3559 1219 3627 Sanctissimum
1248 3559 1289 3625 D.
1313 3558 1366 3640 N,
1394 3581 1506 3625 verum
1534 3569 1567 3626 et

194 3669 326 3734 unicum
354 3667 387 3732 in
415 3667 505 3732 terris
530 3665 648 3734 Christi
676 3667 827 3733 vicarium
856 3676 978 3754 patrare
1006 3667 1069 3732 sint
1097 3667 1162 3732 ausi
1187 3687 1291 3754 eoque
1314 3665 1414 3752 capite
1443 3663 1564 3732 sublato

193 3773 423 3861 Dominicique
452 3773 559 3860 gregis
586 3794 737 3860 percusso
766 3783 893 3860 pastore
922 3790 1028 3839 sancta
1056 3783 1218 3838 corrueret
1246 3769 1392 3852 ecclesia,
1422 3769 1564 3860 lupisque

193 3878 358 3968 rapacibus
382 3889 562 3946 asservante
586 3880 716 3946 nemine
740 3901 819 3946 oves
847 3876 1009 3946 laniandae
1038 3876 1245 3945 traderentur.
1292 3875 1342 3943 Ad
1367 3875 1444 3943 haec
1468 3873 1565 3966 (quae

193 3982 332 4053 nefanda
354 3983 472 4052 scelera
502 3983 692 4052 catholicum
720 3996 830 4072 pectus
858 3985 1042 4052 meminisse
1071 3981 1197 4072 horret)
1231 4006 1248 4050 a
1281 3983 1416 4050 sacrario
1447 3981 1564 4050 Christi

193 4115 263 4159 non
287 4089 515 4173 abstinuerunt,
539 4088 596 4158 sed
617 4088 871 4158 crudelissimum
893 4087 1012 4156 lacinus
1037 4086 1255 4156 crudelissimo
1276 4087 1417 4155 facinore
1440 4109 1565 4175 supera-

192 4210 268 4266 runt
291 4215 461 4287 sanctaque
485 4197 608 4265 civitate
632 4218 688 4284 per
711 4197 776 4265 vim
800 4208 831 4264 et
853 4198 995 4285 rapinam
1020 4207 1172 4283 occupata
1199 4218 1286 4262 sacra
1313 4206 1406 4284 atque
1434 4191 1565 4281 profana

192 4303 282 4371 nullo
308 4301 489 4370 discrimine
512 4314 652 4392 ponunt,
681 4315 712 4370 et
733 4314 769 4370 ut
792 4303 898 4370 omnis
920 4301 1047 4389 generis
1076 4301 1157 4370 mala
1179 4301 1342 4383 sileamus,
1372 4299 1435 4368 hoc
1463 4323 1564 4367 unum

192 4408 281 4477 luctu
312 4428 343 4476 et
371 4410 576 4476 miseratione
607 4407 740 4496 dignum
773 4419 935 4496 putamus,
973 4407 1060 4497 quod
1097 4430 1215 4495 magno
1247 4405 1300 4484 illo
1336 4404 1500 4473 sacerdote
1533 4424 1564 4472 et

193 4537 326 4582 summo
348 4516 382 4580 in
406 4514 551 4583 humanis
574 4515 712 4582 antistite
736 4527 768 4582 et
792 4517 879 4582 cuius
903 4513 999 4580 ductu
1023 4525 1053 4581 et
1069 4512 1224 4580 firmitate
1248 4511 1352 4578 divina
1374 4512 1515 4578 instituta
1531 4512 1564 4578 in

191 4622 366 4689 hominum
389 4620 522 4688 salutem
546 4620 761 4703 moderantur,
790 4621 823 4687 in
846 4620 1060 4708 turpissimam
1090 4642 1175 4686 nunc
1198 4628 1329 4686 attracto
1353 4617 1563 4704 captivitatem

192 4727 429 4816 omnipotentis
460 4728 523 4794 Dei
550 4746 796 4816 sanctorumque
823 4726 968 4815 reliquias
997 4725 1134 4793 inaudita
1161 4722 1312 4791 foeditate
1341 4721 1565 4790 conculcarunt

192 4832 489 4923 conculcandasque
511 4835 627 4922 passim
652 4833 856 4915 disiecerunt,
879 4833 1111 4900 sanctissimum
1135 4828 1379 4912 tabemaculum
1403 4826 1491 4918 quod
1514 4827 1565 4896 ad-

192 4938 329 5008 mirabili
352 4940 558 5007 veneratione
581 4963 598 5007 a
622 4937 876 5008 christifidelibus
901 4936 1074 5020 colebatur,
1098 4937 1295 5005 atrocissime
1319 4947 1565 5003 concremarunt

302 5063 409 5116 Elatus,
424 5062 550 5106 Romamne
564 5063 722 5109 Dokuurante.
1451 5066 1459 5102 1
