3842 5532
317 324 379 384 218
1451 333 1556 404 Anglici
1575 331 1686 386 articuli.

421 499 545 578 Quinto
563 500 671 566 nititur
687 498 820 587 probare
833 499 1045 588 virginitatem
1062 521 1117 586 per
1134 495 1371 565 confessionem
1387 492 1575 562 ferdinandi
1592 491 1686 576 regis.

420 605 517 671 Sexto
534 628 589 692 per
609 605 846 673 confessionem
863 604 1019 672 Elisabeth
1043 605 1180 692 reginae.
1220 605 1332 670 Posset
1349 600 1420 683 dici,
1444 599 1530 688 quod
1547 597 1586 666 de
1609 621 1688 666 con-

315 707 451 776 sessione
481 711 614 778 istorum
644 735 711 778 non
736 724 861 778 constat
887 711 947 778 nisi
977 733 1033 798 per
1055 722 1152 778 testes
1180 707 1362 796 singulares,
1394 707 1470 774 item
1498 703 1585 794 quod
1609 727 1687 771 con-

315 813 409 882 sessio
434 840 545 884 eorum
571 830 618 885 est
642 816 890 898 extraiudicialis,
914 830 1001 905 parte
1024 818 1163 898 absente,
1188 827 1221 882 ut
1244 837 1335 902 supra
1358 812 1476 880 dictum
1502 823 1558 878 est.
1594 811 1689 876 Prae-

314 934 399 988 terea
427 935 536 1010 posset
563 923 639 1005 dici,
670 923 757 1013 quod
789 947 856 991 non
889 940 936 991 est
969 924 1070 1009 magis
1102 920 1294 990 credendum
1325 918 1520 988 confessioni
1552 919 1687 983 istorum

314 1050 436 1115 regum,
461 1053 554 1119 quarn
579 1050 662 1097 esset
686 1030 881 1098 credendum
897 1029 1018 1112 litteris,
1043 1029 1209 1117 exquibus
1226 1026 1390 1109 habebant,
1414 1022 1500 1114 quod
1517 1022 1688 1090 Catharina

313 1136 514 1212 remansisset
537 1137 643 1224 virgo;
675 1136 732 1204 sed
755 1155 870 1226 quanta
894 1135 972 1204 fides
996 1133 1181 1223 praestanda
1205 1147 1287 1201 esset
1311 1131 1369 1199 illis
1392 1131 1512 1212 litteris,
1538 1151 1604 1195 non
1629 1150 1687 1215 po-

313 1254 373 1308 test
398 1241 540 1323 indicari,
564 1245 634 1331 quia
658 1243 698 1310 de
723 1243 767 1310 eis
796 1267 862 1310 non
886 1253 1022 1331 apparet.
1077 1243 1239 1308 Praeterea
1268 1258 1355 1307 erant
1383 1238 1516 1325 scriptae
1539 1259 1556 1301 a
1579 1235 1687 1321 singu-

313 1346 425 1414 laribus
448 1351 592 1436 personis
617 1368 647 1416 et
663 1348 943 1431 extraiudicialiter,
968 1361 999 1416 et
1024 1349 1096 1415 ideo
1113 1371 1179 1415 non
1204 1345 1383 1435 probarent,
1430 1345 1560 1430 Insuper
1577 1352 1687 1428 posset

314 1451 383 1534 dici,
408 1454 494 1542 quod
511 1477 578 1521 non
595 1468 677 1523 essct
694 1455 888 1523 credendum
912 1457 986 1544 ipsis
1002 1453 1127 1542 regibus
1150 1465 1180 1520 et
1196 1450 1375 1541 parentibus
1393 1449 1580 1518 Catharinae
1604 1470 1688 1514 asse·

313 1560 452 1626 rentibus
475 1559 589 1650 aliquid
613 1563 645 1628 in
662 1562 821 1630 honorem
848 1561 928 1628 filiae
944 1585 1029 1642 suae,
1053 1585 1126 1628 cnm
1143 1583 1199 1627 sua
1221 1561 1387 1626 interesset
1408 1555 1575 1644 publicare,
1599 1552 1688 1642 quod

312 1665 403 1753 virgo
427 1668 661 1754 permansisset,
686 1681 720 1735 ut
742 1667 860 1736 facilius
885 1669 1032 1735 maritum
1058 1689 1163 1755 parem
1189 1679 1220 1733 et
1243 1663 1407 1753 aequalem
1431 1661 1613 1729 inveniret.¹

417 1774 562 1861 Septimo
586 1775 730 1842 innititur
752 1776 861 1861 regina
884 1773 1002 1842 indicio
1027 1786 1057 1840 et
1081 1784 1270 1860 argumento
1287 1781 1415 1858 sumpto
1441 1793 1479 1836 ex
1504 1768 1575 1848 hoc,
1599 1764 1687 1855 quod

312 1879 469 1946 Henricus
493 1879 562 1947 Vll.
588 1879 783 1948 desiderabat
812 1904 881 1948 earn
911 1879 1025 1948 habere
1053 1881 1085 1946 in
1110 1901 1254 1958 uxorem,
1284 1889 1315 1944 et
1338 1898 1404 1943 non
1434 1894 1481 1942 est
1506 1871 1686 1952 verisimile,

312 1983 398 2072 quod
422 1985 448 2050 si
472 1997 645 2074 reputasset
673 2010 742 2054 eam
768 1988 931 2074 cognitam
955 1985 1061 2086 ofilio
1085 1987 1214 2066 Arturo,
1243 1981 1330 2074 qnod
1354 1981 1530 2048 affectasset
1558 2001 1628 2045 eant
1653 1979 1685 2043 in

312 2113 455 2158 uxorem.
502 2091 615 2160 Posset
638 2091 714 2174 dici,
743 2091 830 2182 quod
854 2094 916 2160 hoc
941 2116 1006 2159 non
1037 2091 1187 2180 probatur
1210 2093 1269 2157 nisi
1297 2113 1353 2178 per
1376 2101 1473 2155 testes
1502 2086 1540 2153 de
1564 2083 1688 2172 publica

311 2219 392 2264 voce
417 2209 447 2264 et
469 2196 567 2280 fama,
597 2211 628 2266 et
651 2221 780 2286 paucos,
804 2198 949 2267 videlicet
972 2212 1035 2267 tres
1059 2198 1108 2265 vel
1132 2209 1276 2287 quatuor,
1308 2218 1388 2285 quae
1411 2193 1495 2261 fama
1517 2215 1584 2258 non
1608 2213 1687 2257 con·

311 2301 422 2370 cludit:
448 2303 574 2390 optabat
590 2328 661 2371 earn
685 2304 799 2372 habere
823 2307 855 2372 in
874 2328 1018 2386 uxorem,
1043 2327 1121 2391 ergo
1147 2316 1211 2371 erat
1226 2304 1334 2389 virg03
1359 2301 1429 2390 quia
1453 2299 1558 2387 potuit
1574 2315 1687 2384 optare

312 2430 378 2474 rem
402 2409 551 2491 illicitam,
575 2423 609 2477 ut
632 2434 725 2498 saepe
750 2412 873 2479 homini
897 2411 1070 2499 contingit,
1102 2409 1185 2476 unde
1210 2407 1246 2476 ab
1271 2405 1454 2475 huiusmodi
1478 2404 1687 2472 matrimonio

312 2526 345 2581 ut
368 2514 477 2582 illicito
500 2514 586 2583 idem
610 2539 664 2584 rex
688 2516 864 2584 abstinuit.²

417 2621 545 2689 Octavo
574 2623 682 2690 nititur
705 2623 838 2710 probare
861 2624 1074 2710 virginitatem
1103 2645 1159 2710 per
1182 2621 1402 2689 linteaminum
1427 2617 1533 2684 Arturi
1564 2617 1688 2701 inspec-

310 2726 443 2793 tionem.
479 2727 578 2794 Nono
595 2752 650 2817 per
666 2730 897 2816 inspectionem
917 2727 1137 2795 linteaminum
1154 2728 1283 2794 Henrici
1300 2725 1413 2794 octavi.
1448 2725 1561 2790 Posset
1577 2717 1685 2809 quoad

310 2830 491 2899 linteamina
516 2836 620 2901 Artori
644 2834 715 2916 dici,
739 2835 826 2924 quod
849 2846 944 2902 testes
969 2859 1035 2902 non
1059 2834 1192 2922 probant
1214 2834 1427 2920 virginitatem
1452 2853 1490 2897 ex
1514 2829 1587 2908 hoc,
1610 2827 1686 2914 qnia

415 3069 425 3100 ¹
443 3063 499 3116 Das
519 3063 632 3134 Zeugnis
652 3063 698 3116 der
717 3064 834 3134 lionigin
853 3063 963 3117 lsabella
989 3066 1021 3118 ist
1041 3083 1065 3118 u.
1085 3082 1107 3117 a.
1127 3062 1311 3186 niedergelept
1330 3063 1357 3114 in
1376 3062 1464 3114 einern
1482 3059 1629 3141 ¹Schreiben
1649 3075 1685 3112 an

309 3131 361 3185 den
381 3133 489 3256 llerzop
507 3133 539 3186 de
557 3133 674 3200 Estrada,
692 3135 853 3217 spanischen
872 3132 1026 3188 Gesandten
1046 3136 1071 3188 in
1091 3133 1220 3217 Epgland,
1241 3133 1284 3186 To
1296 3133 1355 3194 edo,
1378 3129 1489 3254 talpuh
1510 3143 1592 3197 1502,
1621 3129 1684 3182 das-

310 3202 383 3255 selbe
407 3203 499 3257 berut
524 3203 572 3256 ans
591 3204 643 3256 den
662 3204 848 3275 Mitterlnngen
872 3204 919 3258 der
937 3205 1033 3258 Donna
1060 3205 1147 3258 Elvira
1165 3202 1285 3269 Manuel,
1310 3211 1398 3256 ersten
1448 3199 1611 3254 ammerzofe
1636 3199 1686 3252 der

310 3273 461 3340 liatharina,
480 3273 530 3341 die,
550 3272 635 3327 soviel
654 3275 711 3327 sich
724 3275 858 3328 erkennen
876 3274 943 3339 lassi,
963 3286 1049 3329 zuerst
1068 3292 1135 3346 ganz
1150 3283 1264 3397 spontan
1278 3274 1342 3327 iiber
1356 3273 1408 3326 den
1421 3270 1594 3325 Sachverhalt
1614 3272 1686 3323 nach

308 3343 423 3414 Spanien
437 3345 591 3398 berichtete.
617 3344 708 3416 Vergl.
723 3346 897 3417 Bergenroth,
912 3345 930 3400 I.
945 3363 970 3399 n.
987 3361 1034 3415 327
1048 3347 1135 3416 (325).
1185 3344 1311 3399 erdinand
1325 3345 1370 3398 hat
1383 3344 1470 3397 seiner
1484 3331 1687 3412 Uberzeugung

308 3413 381 3467 wohl
406 3432 448 3467 arn
475 3414 651 3469 deutlichsteu
671 3415 697 3468 in
717 3415 778 3469 dent
797 3416 941 3470 Schreiben
960 3415 1113 3482 Barcelona‚
1134 3431 1175 3484 23.
1195 3414 1300 3486 August
1322 3429 1386 3483 1503
1408 3431 1440 3466 an
1460 3413 1511 3466 den
1525 3411 1687 3495 Gesandten

308 3485 333 3537 in
347 3483 426 3552 Rom,
446 3485 521 3539 ferd.
541 3484 574 3538 de
589 3485 677 3556 Rojas,
697 3485 834 3540 Ausdruck
849 3487 981 3558 gegeben,
1001 3487 1087 3540 worin
1101 3504 1128 3539 er
1143 3486 1235 3539 diesen
1254 3487 1302 3538 mit
1316 3483 1475 3554 Erwirkung
1489 3481 1536 3538 der
1547 3483 1686 3553 Dispense

309 3556 350 3608 bei
369 3555 430 3608 Pius
445 3555 499 3622 111,
520 3557 603 3610 beaw.
623 3556 665 3609 bei
679 3555 762 3626 Julius
778 3556 810 3612 ΙΙ.
830 3556 948 3610 beaultra
980 3574 1002 3611 e.
1041 3557 1216 3628 Bergenroth,
1237 3557 1255 3612 l.
1276 3574 1300 3608 n.
1319 3571 1376 3625 370,
1396 3555 1442 3608 der
1457 3552 1598 3625 spanische
1611 3553 1686 3608 Text

307 3626 349 3679 bei
369 3626 484 3692 Pococlr,
503 3626 535 3680 ll.
550 3625 610 3691 426.
648 3626 795 3680 Ferdinand
814 3645 870 3680 war
888 3626 934 3680 der
948 3567 999 3698 lim
1021 3625 1163 3681 srauschaft
1183 3628 1270 3680 seiner
1284 3625 1404 3680 Tochter
1423 3625 1520 3678 bereits
1540 3641 1572 3678 so
1585 3625 1686 3690 sicher,

307 3695 363 3750 dass
383 3713 412 3749 es
431 3697 499 3750 nach
519 3697 573 3750 ihm
594 3697 683 3750 keiner
695 3698 823 3750 welteren
838 3697 971 3769 Dispense
990 3645 1028 3750 ais
1041 3713 1138 3768 wegen
1158 3697 1357 3750 matrimonium
1376 3705 1461 3749 ratum
1481 3711 1536 3748 non
1555 3712 1685 3750 consum-

307 3777 409 3820 matum
433 3766 536 3820 bedurst
560 3767 645 3832 hitte;
674 3785 722 3820 nur
742 3767 816 3832 weil,
836 3769 888 3820 wie
912 3785 940 3821 er
964 3777 1035 3838 sagt,
1060 3768 1102 3822 die
1121 3767 1273 3838 Englinder
1296 3767 1357 3821 sehr
1380 3785 1412 3820 zu
1436 3763 1686 3836 Spitzfindigkeiten

307 3838 419 3960 timii
443 3836 502 3960 hi
517 3837 578 3961 lind
601 3838 697 3961 itt?
721 3838 836 3961 ahrp
850 3839 1185 3962 ¹¹⁶lind⁶l³¹⁵l⁰¹¹¹lgd
1208 3835 1686 3962 dhfthttcilithtltttt‘

308 3923 588 4047 pitirkelcesneerwirlriii',
613 3924 658 4030 iirn
677 3925 749 4048 jeiliti
767 3994 779 4030 s
800 3925 891 4032 albisen
904 3925 1083 4050 linfiihiiii}
1099 3926 1148 4032 adie
1168 3923 1472 4049 silheaibzubrechei,
1510 3977 1687 4048 1mnbrigen

307 4047 365 4100 sind
384 4047 427 4100 die
445 4046 580 4101 Einwtrrse
599 4064 688 4118 gegen
708 4047 753 4101 das
773 3996 886 4119 Zpeugnis
905 4048 951 4102 der
971 4049 1179 4102 »Katholischen
1199 4049 1331 4119 Konige«,
1351 4049 1420 4102 nach
1439 4047 1490 4102 den
1509 4048 1615 4120 Regeln
1634 4049 1687 4103 des

307 4133 430 4188 genauen
449 4116 711 4171 Prozessversahrens
731 4119 886 4185 benachtet,
905 4121 978 4172 nicht
997 4119 1068 4172 ohne
1088 4119 1227 4184 Gewicht;
1252 4118 1383 4173 trotzdem
1403 4120 1436 4172 ist
1456 4118 1518 4172 aber
1537 4119 1611 4173 seine
1631 4119 1686 4173 Be-

307 4187 441 4241 weislrrait
460 4189 519 4241 eine
538 4205 605 4258 ganz
625 4188 804 4258 vorzirgliche‚
831 4189 914 4242 schon
934 4189 1051 4256 deshalb,
1071 4190 1132 4242 weil
1153 4207 1181 4242 es
1201 4207 1232 4242 so
1251 4189 1331 4260 lange
1350 4206 1399 4243 vor
1418 4191 1481 4242 dent
1499 4189 1687 4260 Scheidungs·

325 4275 431 4311 rozesse
444 4257 509 4328 liegt
528 4259 582 4311 und
600 4275 645 4311 aus
665 4259 737 4311 einer
750 4259 803 4312 Zeit
824 4269 940 4324 stamnrt,
959 4277 1004 4312 wo
1024 4261 1065 4313 bei
1080 4260 1126 4313 der
1145 4260 1315 4331 beiderseitig
1334 4261 1481 4331 unbedingt
1500 4261 1687 4316 anerlrannten

307 4276 526 4450 iiiil'ensgewalt
544 4327 590 4382 des
611 4328 720 4399 Papstes
740 4329 781 4382 die
801 4329 886 4400 Frage
910 4331 974 4383 uber
993 4330 1044 4383 den
1058 4329 1173 4402 Vollzug
1192 4331 1238 4383 der
1258 4329 1362 4401 Copula
1385 4331 1463 4385 keinc
1482 4331 1545 4385 sehr
1564 4341 1686 4386 wesent-

318 4415 341 4450 1c
363 4415 377 4450 e
397 4415 460 4450 avar.

412 4467 518 4520 ²Auch
542 4469 599 4521 hier
618 4469 832 4540 widersprechen
854 4469 896 4523 die
916 4471 939 4523 T
941 4471 1086 4524 ltutsachen
1110 4471 1161 4524 den
1181 4471 1338 4541 englischen
1356 4471 1581 4544 Aussirhrungen3
1610 4473 1685 4528 deun

308 4537 434 4589 zuntichst
446 4555 503 4590 war
515 4555 544 4590 es
563 4539 635 4591 nicht
654 4537 722 4592 blois
735 4539 854 4593 Geritcht
873 4539 938 4594 oder
951 4541 1151 4612 unbegrt'mdete
1165 4541 1302 4612 Meinung,
1322 4541 1377 4596 dass
1391 4541 1519 4596 Heinrich
1534 4543 1593 4596 Vll.
1613 4545 1686 4598 nach

308 4607 369 4659 dem
389 4607 471 4690 ”s'pde
484 4608 572 4661 seiner
590 4607 733 4662 Genrahlin
752 4609 887 4663 Elisabeth
905 4612 961 4680 (11.
981 4610 1095 4665 Februar
1117 4614 1197 4681 1503)
1216 4611 1297 4666 daran
1316 4613 1433 4682 gedacht
1452 4613 1533 4679 habe,
1557 4615 1614 4668 sich
1633 4617 1686 4670 rnit

308 4675 354 4728 der
377 4677 527 4747 181ahrrgen
547 4678 689 4732 Katharina
708 4697 739 4732 zu
760 4681 920 4747 vennihlen,
941 4681 993 4734 und
1012 4681 1100 4735 semer
1117 4683 1162 4735 hat
1181 4699 1210 4736 er
1228 4683 1280 4736 den
1299 4683 1446 4738 Gedanlren
1466 4685 1538 4738 nicht
1558 4702 1605 4738 aus
1625 4685 1686 4740 Ge-

309 4746 559 4827 ttrissensbedenken
582 4748 763 4820 aufgegeben.
788 4751 903 4803 sondem
923 4751 1054 4805 nachdem
1074 4751 1184 4805 isabella
1204 4769 1258 4807 von
1276 4753 1406 4808 Kastilien
1430 4754 1482 4808 den
1502 4755 1567 4809 Plan
1593 4757 1692 4811 schars

309 4815 479 4884 abgewresen
502 4817 555 4870 und
574 4817 625 4871 den
644 4819 715 4872 Koni
757 4821 801 4873 aul
819 4820 861 4873 die
880 4823 960 4893 junge
984 4822 1037 4875 und
1056 4822 1144 4876 reiche
1159 4823 1260 4877 Witwe
1283 4823 1330 4876 des
1349 4823 1455 4896 Konigs
1479 4825 1630 4880 Ferdinand
1649 4827 1686 4882 ΙΙ.

309 4883 499 5036 porfflevapsep
513 4886 697 4956 hingewiesen
716 4837 801 4946 hatte.
839 4891 929 4961 Vergl.
954 4891 1134 4964 Bergenroth,
1159 4893 1177 4948 l.
1202 4911 1227 4948 n.
1250 4893 1306 4964 360,
1334 4895 1402 4950 auch
1429 4895 1471 4952 die
1495 4897 1687 4954 Introduktion
