3782 5532
156 296 215 355 1529
233 277 293 340 Mai.

797 445 862 528 45.

271 604 509 691 Campeggio
533 627 571 670 an
595 605 668 688 Jac.
693 603 860 670 Salviati.
907 601 1101 685 Richmond,
1126 622 1177 669 22.
1201 602 1266 669 Mai
1294 622 1386 689 1529.

250 761 371 832 Sendung
384 761 491 816 Bennets
508 762 572 815 nach
585 762 657 816 Rom.
694 761 868 834 Besprechung
882 761 1051 833 Campeggios
1068 763 1116 814 mit
1129 761 1226 831 Wolsey
1245 762 1306 814 ather
1321 762 1364 814 die
1380 761 1516 833 Vorgdnge

153 851 176 900 in
193 848 263 914 Rom,
288 849 442 903 namentlr'ch
465 851 526 902 ather
546 849 588 902 die
612 849 739 903 drohende
757 849 923 919 Abberujung
948 849 994 901 der
1020 847 1097 903 Socha
1121 866 1155 902 an
1177 849 1220 901 die
1242 848 1333 914 Kurie,
1356 849 1515 922 Droburrgen

156 935 262 1007 Wolseys.
301 937 433 991 Polilischc
450 937 531 1009 Lege,
549 938 591 990 die
603 937 688 1010 Frage
706 937 752 990 der
772 937 843 992 Reise
860 937 903 990 des
922 936 1027 990 Kaisers
1045 937 1109 990 noch
1121 935 1225 1001 Italion,
1243 935 1372 1008 Botschost
1391 937 1470 992 Karls
1487 937 1515 991 V.

152 1041 182 1076 on
199 1023 283 1095 Fran(
300 1023 321 1079 I.
341 1027 394 1079 und
409 1026 451 1078 die
473 1025 650 1080 Statthalterin
664 1025 816 1096 Margareto
836 1043 888 1078 von
905 1025 954 1076 den
976 1023 1175 1088 Niedcrlanden,
1193 1027 1241 1077 mit
1256 1024 1396 1080 Vollmaclrt
1406 1026 1458 1096 jztr
1474 1026 1516 1078 dic

152 1113 241 1182 letrtere
259 1116 288 1166 in
309 1112 403 1167 Sachen
421 1115 464 1167 des
482 1113 609 1167 Friedenr.
648 1113 824 1166 Attenehalben
840 1114 928 1184 grosse
944 1111 1102 1182 Geneigther't
1120 1130 1177 1182 (um
1196 1111 1315 1178 friedm,
1333 1113 1436 1167 obrchon
1454 1132 1515 1167 man

152 1202 220 1254 lleber
236 1201 304 1266 sdhe,
327 1203 386 1271 dass
408 1203 454 1256 der
477 1201 566 1274 Papsl,
589 1202 627 1255 als
648 1202 707 1270 dass
732 1201 886 1272 Margania
909 1201 951 1253 die
973 1199 1158 1271 Vermittelang
1172 1201 1271 1270 sithrte.
1309 1200 1426 1272 Ankunst
1450 1203 1516 1254 eines

153 1289 222 1342 Borea
241 1307 288 1343 aus
305 1291 355 1343 den
375 1290 574 1344 Niaederlonden.

248 1429 293 1496 Ill.
316 1430 400 1496 Dne.
447 1431 595 1498 Hiersera
617 1429 660 1497 fui
684 1431 737 1518 qui
760 1430 792 1497 in
809 1428 992 1498 Richmond
1016 1441 1046 1496 et
1070 1430 1208 1511 ritrovai,
1233 1430 1292 1496 che
1315 1428 1335 1495 il
1360 1428 1515 1497 cardinale

152 1533 262 1602 haveva
279 1535 426 1621 expedito
442 1559 486 1602 un
503 1537 639 1603 corriere
662 1559 719 1624 per
734 1535 838 1604 Roma
862 1546 893 1603 et
916 1533 937 1601 il
952 1535 1008 1602 Dr.
1025 1535 1201 1617 Bendittus,
1225 1533 1315 1624 quale
1336 1533 1412 1603 altre
1429 1534 1515 1603 volte

151 1637 180 1706 fu
201 1639 356 1709 destinato
386 1664 448 1709 con
472 1641 493 1708 il
515 1643 572 1708 Dr.
598 1642 716 1709 Chenit
739 1653 865 1708 oratore
889 1642 940 1730 qui
950 1645 971 1722 ¹,
1000 1651 1031 1708 et
1053 1642 1107 1729 poi
1130 1643 1311 1708 ritornaron
1333 1664 1389 1730 per
1412 1641 1441 1708 la
1463 1665 1516 1709 ve·

152 1765 219 1814 nuta
242 1746 293 1814 del
314 1747 371 1814 Dr.
388 1747 561 1836 Stephano,
585 1748 605 1814 il
628 1747 719 1837 quale
741 1745 948 1814 rivocandolo
973 1747 1051 1814 hora
1074 1747 1235 1814 mandano
1258 1748 1371 1830 costui,
1395 1749 1515 1814 accioc-

152 1851 204 1918 che
233 1851 313 1919 adsit
342 1852 434 1920 rebus
466 1877 588 1921 eorum.
639 1855 716 1921 Non
739 1876 781 1932 ‚se
812 1852 1027 1940 maravigliarl
1049 1853 1167 1921 Vostra
1197 1853 1358 1941 Signoria,
1389 1876 1423 1920 se
1454 1853 1515 1921 allo

152 1961 276 2026 arrivare
305 1958 375 2025 loro
405 1983 471 2026 non
497 1961 610 2028 havera
633 1960 696 2026 mie
719 1958 845 2040 lettere,
873 1957 989 2046 perche
1017 1981 1084 2025 non
1114 1958 1157 2025 ho
1186 1959 1309 2046 sapiuto
1338 1958 1417 2026 della
1444 1958 1515 2026 loro

151 2065 264 2150 partita.
740 2058 745 2066 ’

248 2168 339 2238 Oltra
364 2171 480 2259 quello,
505 2170 564 2237 che
587 2194 649 2239 con
665 2171 764 2241 l’altre
788 2172 851 2238 mie
874 2172 919 2238 ho
935 2173 1054 2252 scritto,
1080 2169 1152 2238 dico
1175 2172 1253 2237 hora
1269 2189 1390 2259 quanto
1413 2173 1446 2237 io
1469 2173 1515 2238 in-

151 2273 252 2341 tendo.
299 2275 338 2343 Et
360 2277 462 2364 prima
484 2299 578 2344 come
601 2277 633 2344 io
658 2277 701 2344 ho
725 2289 850 2346 trovato
875 2275 895 2343 il
918 2275 1013 2345 Rnro.
1035 2275 1234 2343 Eboracense
1258 2274 1360 2342 molto
1384 2277 1515 2344 alterato

152 2401 200 2466 per
222 2380 250 2447 la
272 2383 423 2450 citatione
447 2382 521 2450 farta
544 2382 593 2449 alli
618 2385 735 2450 oratori
760 2381 791 2450 di
815 2394 923 2472 questa
944 2383 1094 2464 Maestae
1120 2405 1214 2449 come
1238 2381 1343 2471 quello
1368 2381 1426 2450 che
1449 2406 1516 2449 non

152 2485 273 2553 intende
296 2484 317 2553 il
340 2486 412 2554 stilo
437 2487 477 2554 de
500 2486 528 2554 la
547 2501 646 2570 corte,
670 2501 701 2556 et
723 2487 821 2576 pargli
845 2486 873 2555 la
897 2511 970 2556 cosa
994 2487 1097 2556 nrolto
1122 2499 1240 2570 strana;
1265 2486 1516 2570 nientedimeno,

153 2590 291 2659 havendo
315 2594 419 2660 inteso
444 2592 483 2660 da
506 2617 573 2676 nte,
605 2617 698 2662 corne
722 2617 856 2683 passano
881 2594 983 2685 quelle
1007 2617 1081 2662 cose
1106 2592 1145 2663 de
1168 2593 1196 2661 la
1219 2595 1349 2676 iustitia,
1377 2595 1403 2660 si
1427 2597 1445 2661 ὲ
1467 2617 1518 2660 ac·

153 2710 272 2784 quetato
298 2711 329 2766 et
352 2699 545 2768 similmente
573 2699 612 2767 de
637 2699 664 2767 la
688 2699 880 2789 denegation
910 2703 990 2769 circa
1012 2701 1041 2768 la
1063 2701 1249 2768 revocation
1277 2699 1328 2768 del
1351 2699 1461 2782 breve,
1486 2713 1518 2767 et

154 2804 192 2868 nri
213 2826 272 2872 son
295 2804 416 2872 forrato
440 2804 529 2894 fargli
554 2829 745 2890 conoscere,
774 2807 846 2874 ch'il
870 2830 937 2874 non
960 2806 1075 2876 havere
1097 2807 1139 2875 N.
1164 2807 1299 2894 Signore
1323 2805 1476 2874 satisfatto
1499 2830 1517 2873 a

156 2909 251 2996 quello
267 2909 339 2977 loro
362 2909 519 2978 desiderio
538 2916 555 2979 ὲ
571 2935 723 3000 processo
748 2911 796 2979 dal
819 2935 884 2980 non
909 2912 1034 3000 poterlo
1057 2910 1122 2980 fare
1145 2935 1207 2980 con
1230 2913 1346 2980 iustitia
1369 2924 1400 2979 et
1424 2935 1518 2979 senza

156 3015 358 3100 grandissimo
382 3017 540 3100 scandalo,
564 3017 595 3085 di
619 3018 730 3102 modo,
754 3019 814 3086 che
834 3017 865 3086 di
889 3030 1001 3108 questo
1018 3041 1124 3085 vanno
1148 3021 1246 3107 quieti
1270 3030 1300 3085 et
1324 3041 1417 3085 come
1441 3041 1517 3085 con·

157 3121 244 3202 tenti3
279 3135 309 3190 et
337 3123 419 3190 inter
446 3122 643 3212 loquendum
671 3124 692 3191 il
719 3123 874 3192 cardinale
903 3125 947 3192 nri
975 3124 1014 3191 ha
1043 3124 1142 3207 detto,
1172 3124 1230 3191 che
1258 3147 1314 3213 per
1341 3124 1371 3190 le
1399 3123 1516 3211 parole,

158 3225 230 3313 quali
259 3230 311 3316 pin
335 3229 421 3296 volte
450 3229 493 3317 gli
521 3230 564 3297 ho
589 3229 689 3312 detto,
719 3231 882 3298 havevano
907 3230 996 3298 detto
1025 3229 1053 3296 al
1075 3253 1124 3311 re,
1154 3230 1211 3296 che
1240 3229 1342 3319 quella
1370 3228 1518 3297 dimanda

159 3353 217 3399 non
240 3355 290 3400 era
319 3333 454 3402 honesta
482 3347 514 3402 et
536 3359 604 3402 non
627 3337 653 3402 si
681 3349 798 3425 poteva
820 3335 899 3419 fare,
928 3359 980 3402 rna
1004 3335 1062 3403 che
1085 3335 1147 3403 Sua
1169 3336 1292 3403 Maesta
1320 3335 1439 3404 haveva
1460 3358 1523 3418 νο-7

159 3434 228 3520 luto,
249 3440 306 3508 che
331 3462 389 3529 pur
412 3443 438 3507 si
462 3453 609 3509 tentasse,
656 3443 696 3510 nl
719 3458 866 3532 presente
889 3455 1005 3510 truovo
1029 3441 1092 3508 Sua
1115 3442 1261 3530 Signoria
1284 3441 1374 3509 Rma.
1404 3460 1434 3508 et
1462 3463 1518 3529 per

160 3547 299 3613 relatione
321 3570 378 3613 sua
401 3547 429 3613 la
452 3547 573 3615 Maesta
597 3548 647 3615 del
669 3572 704 3615 re
726 3550 797 3616 tutti
821 3550 942 3638 suspesi
966 3549 1046 3616 circa
1065 3559 1175 3638 questa
1197 3548 1394 3628 avocatione,
1419 3565 1450 3613 et
1473 3548 1517 3613 mi

160 3671 233 3735 pare,
254 3653 345 3720 sieno
362 3656 475 3720 entrati
497 3676 553 3743 per
569 3653 590 3720 il
613 3655 748 3722 scrivere
773 3655 811 3722 de
833 3655 854 3722 li
870 3656 988 3722 oratori
1012 3654 1083 3722 loro
1107 3655 1139 3721 in
1156 3677 1222 3720 non
1239 3675 1319 3741 poca
1342 3653 1517 3741 suspitione

161 3755 234 3823 ch'io
257 3757 388 3826 l’habbia
411 3757 575 3828 sollicitata
599 3774 630 3829 et
652 3761 792 3844 solliciti,
816 3773 848 3829 et
870 3783 964 3850 sopra
987 3778 1100 3849 questo
1124 3759 1261 3827 bravano
1285 3758 1400 3842 molto,
1424 3782 1518 3826 come

160 3861 205 3947 pio
219 3886 235 3928 a
248 3865 343 3952 pieno
368 3865 531 3934 intendert
549 3867 663 3935 Vostra
685 3867 831 3956 Signoria
855 3867 893 3934 da
916 3890 959 3934 rn.
976 3867 1162 3948 Francesco,
1187 3864 1245 3933 che
1264 3869 1334 3932 sera
1356 3864 1388 3933 lo
1404 3888 1517 3955 appor-

149 3969 251 4037 'tatore
273 3970 302 4038 di
327 3989 446 4060 questa.
771 4035 772 4038 ,

253 4077 418 4145 Ricercato
442 4078 481 4146 da
503 4078 535 4146 S.
552 4079 583 4146 S.
601 4081 704 4163 Rma,
727 4077 802 4169 quid
826 4078 952 4148 credam
977 4076 1016 4147 de
1036 4077 1089 4146 tali
1111 4078 1310 4160 avocatione,
1335 4077 1518 4144 dicendomi

160 4178 212 4246 che
231 4182 271 4250 N.
295 4183 432 4272 Signore
457 4208 570 4274 sapeva
596 4184 624 4253 la
649 4209 739 4253 causa
763 4205 795 4253 et
824 4188 905 4253 inter
933 4207 1015 4274 quos
1037 4183 1174 4272 agenda,
1203 4183 1315 4273 quibus
1339 4185 1519 4250 committe·

160 4323 358 4338 *-·-·-—·-.—..—.

254 4403 262 4433 ¹
282 4395 325 4451 W.
346 4397 448 4450 Bennet
468 4396 522 4451 und
541 4397 583 4451 W.
602 4397 653 4450 Kni
675 4398 712 4452 ht.
750 4397 775 4452 S.
796 4397 837 4451 die
857 4396 1060 4467 Bemerlrungen
1079 4403 1110 4450 ztr
1129 4395 1175 4450 Nr.
1195 4410 1237 4519 ap.
1282 4465 1288 4476 Ι

256 4467 314 4521 ²In
337 4467 390 4521 den
413 4483 445 4520 en
467 4467 568 4522 lischen
587 4467 662 4521 Beric
683 4477 741 4534 ten,
765 4469 850 4522 soviel
874 4469 913 4521 sle
935 4466 1050 4521 bekannt
1073 4465 1144 4532 sind,
1166 4465 1202 4519 fin
1222 4474 1249 4519 et
1268 4465 1325 4518 sich
1350 4465 1435 4518 nichts
1455 4464 1519 4518 iiber

160 4533 224 4589 diese
242 4537 359 4621 Citation
379 4485 467 4620 der&
1184 4607 1189 4620 Ι
1322 4607 1327 4618 ι
1433 4610 1442 4620 ι
1489 4604 1492 4610 Ι

631 4609 857 4751 tritara
873 4605 1519 4746 rrnervrrrrasinianae

160 4746 279 4820 nultrage
297 4749 344 4804 der
356 4750 474 4821 Konigin
487 4749 631 4804 Katharina
649 4767 739 4822 gegen
758 4750 803 4805 das
817 4749 1064 4804 Prozessverlahren
1083 4751 1110 4803 in
1122 4747 1245 4819 England
1261 4747 1447 4818 protestierten
1465 4745 1519 4828 und

159 4815 320 4888 Appellation
339 4838 372 4874 an
391 4820 433 4874 die
446 4819 527 4875 Kurie
545 4839 599 4876 von
612 4822 684 4876 Rom
702 4821 846 4893 einlegten.
882 4821 934 4874 Die
952 4822 1081 4875 weiteren
1093 4817 1320 4889 Verbandlungen
1339 4817 1457 4884 dartber,
1477 4815 1519 4870 dre

160 4885 221 4941 dann
240 4891 357 4945 wirllich
376 4909 421 4944 zur
440 4892 607 4946 Revolation
625 4891 739 4958 ffihrten,
758 4908 846 4963 rogen
865 4891 922 4944 sich
940 4891 980 4944 bis
999 4892 1025 4944 in
1044 4892 1095 4944 den
1114 4890 1166 4961 Juli
1183 4889 1237 4944 hin.

470 4538 611 4604 esandten,
630 4538 705 4593 wohl
724 4538 787 4592 aber
805 4539 878 4610 giebt
896 4537 962 4605 Mai,
982 4537 1029 4591 der
1047 4538 1184 4591 Vertreter
1202 4535 1248 4589 des
1267 4535 1375 4589 Kaisers
1393 4537 1420 4589 in
1439 4534 1517 4600 Rom,
