3810 5528
152 308 216 366 :lcta
237 301 438 367 consistorialiat.
1460 303 1522 362 209

256 472 380 541 Romae
408 470 459 540 die
487 471 558 538 Xll.
588 467 717 539 ianuarii
746 491 826 560 1532
858 467 915 540 fuit
944 469 1123 554 decretum,
1152 491 1184 538 ut
1214 467 1347 538 Domini
1375 471 1523 539 informa-

153 592 260 648 rentur
283 601 341 667 pro
365 577 416 645 die
439 577 531 646 lunae
558 600 652 666 super
676 581 879 646 excusatoriis
901 577 1063 666 productis
1088 581 1119 645 in
1143 579 1247 666 primo
1272 579 1463 645 consistorio
1487 579 1524 644 ab

154 697 336 753 excusatore
361 686 444 772 regis
467 684 612 772 Angliae.

257 793 381 861 Romae
408 791 459 858 die
487 790 579 858 lunae
603 791 676 858 XV.
701 792 830 858 ianuarii
859 814 869 858 r
878 813 893 877 ς
901 812 941 879 32
970 790 1027 859 fuit
1051 814 1100 858 res
1124 791 1297 878 Anglicana
1329 792 1467 860 discussa
1491 816 1525 859 ac

155 899 184 964 in
209 921 245 965 ea
269 897 467 978 conclusum,
491 897 676 964 reiiciendas
700 920 769 964 esse
794 900 1013 966 excusationes
1036 897 1193 985 allegatas
1221 899 1332 986 quibus
1357 897 1526 978 dicebatur,

155 1002 325 1092 impeditos
352 1003 448 1070 fuisse
479 1005 553 1069 iuris
585 1002 764 1084 consultos,
794 1016 826 1071 et
856 1003 925 1072 data
957 1005 1169 1092 peremptoria
1201 1003 1307 1071 dilatio
1337 1028 1393 1093 per
1422 1018 1526 1073 totum

156 1131 301 1176 mensem
326 1110 466 1176 ianuarii.

258 1215 384 1283 Romae
412 1213 463 1281 die
492 1215 638 1281 mercurii
662 1215 731 1280 VH.
761 1213 904 1281 februarii
934 1235 1015 1302 1532
1044 1217 1222 1303 comparuit
1244 1216 1345 1282 Dnus.
1370 1217 1529 1285 lohannes

156 1322 316 1388 Antonius
339 1319 524 1401 Mussetola,
548 1332 656 1387 orator
680 1319 835 1401 Caesaris,
859 1343 932 1386 cum
955 1320 1043 1388 Dno.
1068 1321 1136 1388 lob.
1154 1321 1289 1410 Aloysio
1313 1324 1440 1407 reginae
1463 1325 1529 1389 An-

156 1427 235 1513 gliae
259 1424 426 1508 advocatu,
456 1427 508 1514 qui
533 1427 637 1513 petiit,
667 1438 836 1514 postquam
864 1437 913 1492 tot
937 1425 1104 1494 dilationes
1133 1426 1223 1494 datae
1248 1431 1423 1496 excusatori
1447 1431 1529 1516 regis

158 1531 291 1620 Angliae
316 1533 520 1620 praeteriere,
545 1531 698 1598 Sanctitas
726 1532 788 1598 Sua
817 1545 847 1600 et
877 1554 999 1598 sacrum
1029 1532 1200 1620 collegium
1223 1534 1340 1602 vellent
1363 1538 1529 1622 negotium

158 1639 389 1707 excusatorium
414 1638 530 1726 pluries
554 1659 743 1704 concessum
767 1660 825 1725 pro
850 1639 963 1705 iustitia
988 1637 1145 1727 expedire.
1194 1639 1250 1728 (Α.
1275 1639 1295 1707 f.
1325 1639 1413 1730 194.)

263 1761 405 1850 Allegata
428 1785 484 1850 per
508 1773 726 1829 excusatorem
751 1761 864 1829 Sermi.
888 1764 973 1849 regis
996 1762 1146 1850 Angliae:

264 1869 355 1936 Pater
382 1879 505 1950 sancte,
534 1867 605 1936 licet
634 1867 707 1934 alias
735 1866 975 1956 supplicaverim
999 1867 1161 1936 Sanctitati
1181 1870 1329 1951 Vestrae,
1359 1881 1392 1936 ut
1421 1869 1531 1937 eadem

161 1975 306 2063 dignetur
330 1997 423 2062 agere
448 1993 478 2041 et
502 1975 619 2058 iuvare,
644 1986 678 2042 ut
701 1973 928 2062 impedimenta
953 1973 1034 2042 illata
1057 1997 1113 2062 per
1132 1974 1337 2058 adversarios,
1361 1977 1533 2064 quominus

160 2082 302 2150 advocati
332 2082 416 2168 regis
443 2093 508 2148 tam
539 2105 577 2148 ex
605 2080 745 2161 Patauio,
773 2104 866 2169 quarn
897 2104 935 2148 ex
963 2080 1111 2148 Bononia
1133 2082 1278 2148 venirent
1307 2081 1367 2148 huc
1395 2080 1434 2148 ad
1464 2081 1534 2149 sub·

163 2186 300 2255 eundum
325 2211 408 2254 onus
424 2186 564 2276 publicae
588 2185 782 2254 defensionis
806 2189 1007 2254 materiarum
1037 2190 1314 2271 excusatoriarum,
1339 2188 1534 2270 tollerentur,

162 2307 267 2362 tamen
303 2294 454 2362 hactenus
489 2316 556 2361 non
591 2296 659 2361 sine
693 2295 780 2380 gravi
815 2293 1006 2381 praeiudicio
1045 2307 1075 2361 et
1110 2295 1246 2360 maxima
1285 2296 1395 2361 iniuria
1429 2296 1534 2382 regiae

161 2400 333 2468 Maiestatis
368 2423 403 2466 ac
436 2401 503 2467 eius
538 2423 648 2466 causae
683 2398 801 2466 sublata
834 2421 900 2466 non
936 2397 1071 2466 fuerunt.
1127 2399 1359 2481 Nihilominus,
1395 2423 1435 2468 ne
1469 2403 1534 2468 eius

162 2508 310 2574 Maiestas
335 2525 365 2572 et
388 2507 537 2573 materiae
562 2507 776 2572 excusatoriae
800 2507 977 2592 patrocinio
1002 2505 1169 2572 destitutae
1193 2517 1313 2586 essent,
1339 2518 1445 2574 exacta
1469 2507 1535 2574 dili-

161 2614 267 2700 gentia
292 2613 397 2680 curavi
420 2610 536 2678 habere
559 2609 636 2678 alios
661 2612 808 2698 egregios
839 2611 913 2676 iuris
938 2610 1101 2678 consultos
1127 2635 1163 2676 ex
1187 2610 1318 2678 diversis
1340 2611 1445 2679 ltaliae
1468 2636 1535 2702 par·

162 2718 243 2786 tibus
267 2732 300 2787 et
322 2717 448 2800 studiis
471 2719 524 2808 qui
548 2719 736 2784 interessent
764 2715 905 2805 publicae
933 2715 1112 2784 defensioni
1141 2716 1292 2784 dictarum
1324 2721 1536 2800 materiarum,

163 2827 214 2913 qui
230 2823 465 2913 responderunt
489 2847 522 2891 se
539 2835 702 2905 venturos,
726 2821 905 2889 dummodo
930 2823 1083 2910 temporis
1103 2821 1367 2890 commoditatem
1391 2821 1535 2892 habeant.

164 2931 272 3012 Quare
290 2933 403 2998 iterum
428 2929 618 3018 supplicatur
637 2929 798 2996 Sanctitati
815 2929 959 3010 Vestrae,
984 2938 1019 2994 ut
1035 2929 1079 2995 eis
1101 2928 1248 3016 dignetur
1273 2929 1536 2998 commoditatem

165 3036 349 3122 huiusmodi
366 3035 560 3118 concedere;
589 3035 663 3102 alias
687 3034 726 3102 de
750 3047 885 3124 utroque
909 3035 1092 3122 gravamine
1117 3057 1224 3102 coram
1242 3036 1412 3104 Sanctitate
1424 3037 1538 3104 Vestra

164 3155 334 3231 protestor,
359 3163 389 3210 et
414 3141 620 3209 nihilominus
644 3143 675 3208 in
701 3155 862 3223 eventurn,
894 3142 926 3207 in
950 3164 1046 3232 quem
1070 3142 1172 3208 neutri
1197 3140 1409 3229 praefatorum
1433 3144 1538 3231 provi-

166 3249 285 3332 deatur,
310 3249 393 3331 dico,
422 3248 509 3339 quod
537 3273 646 3315 sumus
670 3251 765 3338 parati
794 3247 833 3314 ad
857 3246 1053 3314 subeundam
1082 3247 1237 3337 publicam
1262 3248 1482 3317 defensionem
1509 3265 1538 3317 et

167 3356 413 3444 disputationem
443 3354 596 3424 dictamm
626 3357 843 3434 materiarum,
873 3377 1007 3420 exorans
1031 3353 1236 3421 Sanctitatern
1255 3356 1417 3437 Vestram,
1447 3368 1479 3423 ut
1505 3380 1539 3424 ea

168 3461 314 3550 dignetur
337 3461 487 3548 deputare
516 3461 636 3550 aliquos
665 3483 702 3526 ex
726 3461 824 3528 Rmis.
849 3461 952 3540 Diris,
981 3461 1033 3548 qui
1065 3457 1141 3526 dent
1170 3459 1302 3526 modum
1333 3473 1363 3528 et
1392 3459 1539 3528 ordinem

168 3570 415 3636 convenientem
440 3567 633 3634 excusationi
657 3578 688 3633 et
711 3565 916 3654 disputationi
941 3564 1133 3632 huiusmodi.

275 3692 401 3774 Quibus
417 3689 529 3759 auditis
553 3710 584 3758 et
601 3689 707 3757 clauso
725 3691 917 3757 consistorio
942 3689 1085 3770 exclusis,
1109 3688 1166 3756 fuit
1185 3712 1240 3778 per
1257 3689 1429 3778 praefatum
1446 3690 1541 3758 Sanc-

170 3802 326 3867 tissimum
351 3798 392 3864 D.
417 3799 458 3865 N.
483 3798 682 3886 propositum
712 3797 793 3863 inter
816 3797 919 3863 Dnos.
944 3797 1055 3864 limos.
1081 3794 1267 3878 cardinales,
1300 3796 1431 3888 utquid
1460 3811 1543 3865 esset

170 3904 329 3992 agendum
346 3906 428 3972 inter
443 3905 634 3993 praemissos
652 3902 853 3970 consulerent
870 3901 908 3969 ad
925 3903 999 3984 hoc,
1015 3921 1049 3969 ut
1065 3903 1165 3989 possit
1181 3903 1249 3968 sine
1266 3902 1391 3991 querela
1408 3904 1542 3992 partium

172 4013 202 4078 in
226 4011 308 4079 dicu
337 4034 428 4078 causa
452 4011 566 4078 iustitia
595 4009 764 4076 ministrari
772 4035 781 4090 3
814 4019 845 4074 et
868 4006 996 4075 tandem
1026 4006 1164 4074 discussa
1195 4010 1324 4076 materia
1354 4010 1490 4096 graviter
1514 4022 1545 4077 et

172 4137 293 4185 mature
317 4118 398 4184 inter
422 4139 479 4184 eos
507 4115 563 4184 fuit
586 4139 641 4203 per
665 4115 868 4182 Sanctitatem
894 4115 989 4181 Suam
1014 4113 1054 4181 de
1083 4116 1248 4181 communi
1273 4115 1441 4183 Rmomm.
1466 4134 1544 4182 voto

172 4223 369 4305 conclusum,
393 4221 480 4312 quod
502 4221 542 4289 ad
557 4221 630 4303 hoc,
654 4235 687 4289 ut
710 4220 801 4288 dictis
825 4219 989 4307 agentibus
1012 4243 1163 4308 protege
1187 4233 1217 4288 et
1240 4221 1350 4307 regina
1370 4222 1545 4308 respective

172 4329 327 4398 auferatur
342 4331 472 4397 materia
495 4330 592 4396 iustae
616 4326 772 4416 querelae,
796 4339 828 4393 et
844 4326 986 4394 deveniri
1010 4329 1109 4414 possit
1134 4325 1171 4392 ad
1189 4326 1289 4393 dictae
1314 4349 1424 4394 causae
1444 4325 1546 4394 deter-

173 4437 395 4518 minationem,
419 4434 506 4524 quod
530 4434 629 4501 dictae
646 4431 874 4521 disputationes
898 4432 1039 4520 publicae
1063 4455 1157 4519 super
1179 4434 1359 4519 praemissis
1383 4431 1548 4501 audiantur

175 4583 225 4590 ω-
249 4585 267 4590 .-

175 4667 296 4721 ziemlich
321 4682 409 4736 genau
434 4662 481 4717 der
504 4663 609 4716 Bericht
634 4663 735 4716 Carnes
762 4663 803 4715 bei
828 4661 965 4729 Gairdner,
989 4661 1020 4716 V.
1045 4679 1070 4716 n.
1091 4677 1154 4730 731;
1183 4661 1253 4714 cloch
1278 4661 1364 4716 derne
1390 4662 1437 4716 der
1463 4661 1548 4716 Name

174 4739 297 4792 Perusius
330 4737 384 4790 wie
402 4734 447 4788 ilm
471 4734 514 4787 die
532 4733 620 4787 Akten
640 4733 739 4800 haben,
765 4731 841 4786 richti
864 4748 892 4786 er
910 4733 967 4786 sein
991 4733 1028 4785 als
1048 4733 1129 4786 Parisi
1149 4731 1214 4784 oder
1233 4732 1334 4785 l‘arisio
1360 4733 1385 4785 in
1405 4733 1456 4786 deu
1483 4749 1549 4786 env-

175 4808 276 4863 lischen
295 4781 447 4862 fterichten
484 4805 607 4858 Perusius
626 4813 709 4858 nennt
728 4803 774 4856 ihn
794 4749 862 4857 aucf
874 4802 1015 4874 Stolesley
1034 4803 1060 4855 in
1080 4803 1183 4856 seinem
1203 4802 1324 4856 Bericlrte
1344 4821 1408 4856 vom
1428 4818 1470 4873 23.
1484 4777 1549 4876 Seii-

176 4881 279 4934 tember
300 4893 376 4947 1530,
399 4877 472 4930 State
492 4875 591 4945 Papers
608 4874 667 4930 Vll.
689 4874 747 4943 256,
773 4873 843 4927 doch
863 4873 1017 4927 bezeichnet
1037 4873 1082 4926 ihn
1101 4873 1188 4927 dieser
1206 4874 1244 4928 als
1263 4873 1314 4926 den
1334 4875 1551 4942 angesehensten

178 4949 367 5004 Rechtslehrer
386 4948 412 5000 in
432 4945 528 5012 Pardua,
548 4946 620 4999 nicht
640 4947 665 4998 in
686 4945 815 5015 Bologna.

232 5053 480 5103 recommemorata
497 5053 651 5096 ltolrumente.
1397 5060 1418 5095 Η
