3810 5528
330 337 390 398 156
1546 349 1596 420 Juli
1618 365 1693 417 1530.

432 509 493 563 Vol.
507 508 568 562 XIV
585 508 631 562 der
649 507 755 562 Lettere
774 508 799 561 di
818 509 932 579 Principi
951 507 997 562 fol.
1016 507 1068 574 646
1087 526 1134 580 sq,
1150 511 1186 564 ist
1206 510 1273 564 auch
1292 509 1401 564 deshalb
1419 509 1482 563 sehr
1494 509 1612 579 wichtig,
1632 507 1693 561 weil

433 615 461 651 es
480 597 506 650 in
520 595 649 650 durchaus
669 597 783 668 mhiger,
802 596 950 650 sachlicher
962 596 1135 670 Darstellung
1153 599 1204 651 den
1218 596 1330 652 Verlaul
1344 597 1391 651 der
1405 615 1507 669 ganzen
1520 596 1692 668 Angelegen-

432 685 486 738 heit
505 685 544 738 bis
563 703 594 736 zu
614 684 675 738 dem
695 683 860 756 papstlicben
880 685 964 738 Breve
984 701 1047 738 vom
1068 700 1091 754 7.
1111 684 1232 739 Oktober
1254 684 1520 758 1529wiedergtebr.

980 917 1046 1000 88.

433 1077 587 1146 Darleguag
605 1076 647 1128 des
666 1075 796 1144 Verlausrs
814 1075 860 1128 der
880 1074 957 1128 Sache
976 1075 1028 1127 urtd
1048 1075 1254 1170 Rechtsertigung
1273 1077 1314 1128 des
1334 1075 1439 1147 Papstcs.

432 1217 482 1284 De
506 1239 591 1283 anuo
611 1235 703 1303 1527.
749 1216 835 1283 Dum
858 1234 942 1284 esset
964 1218 996 1282 in
1020 1239 1090 1283 arce
1107 1215 1138 1282 S.
1155 1216 1269 1301 Angeli
1292 1217 1444 1284 Sanctitas
1461 1215 1584 1297 Vestra,
1607 1215 1696 1281 venit

328 1322 366 1389 ad
390 1347 460 1390 eam
483 1325 587 1411 regius
611 1324 795 1390 secretarius
819 1345 877 1410 pro
901 1321 1136 1410 dispensatione
1160 1335 1191 1389 et
1214 1322 1297 1389 illam
1322 1321 1483 1390 obtinuit¹

433 1430 547 1496 Postea
570 1426 609 1495 de
632 1451 718 1494 anno
747 1430 839 1513 1528,
868 1427 944 1495 dum
968 1442 1051 1496 esset
1073 1430 1105 1494 in
1131 1426 1326 1510 Urbeveteri,
1356 1429 1443 1494 missi
1466 1439 1539 1495 sunt
1562 1425 1600 1494 ad
1624 1449 1693 1492 eam

329 1547 470 1602 oratores
494 1537 584 1621 regni
607 1534 662 1600 Dr.
687 1534 864 1623 Stephanus
888 1547 919 1602 et
941 1535 997 1601 Dr.
1022 1535 1100 1616 Fon,
1124 1535 1177 1623 qui
1200 1535 1357 1622 petebant,
1385 1532 1653 1621 dispensationem
1678 1555 1696 1596 a

328 1663 492 1707 samem.
538 1640 617 1708 lulio
642 1640 804 1708 obtentam
833 1639 1049 1729 subreptitiam
1074 1653 1105 1708 et
1129 1642 1367 1708 matrimonium
1391 1639 1512 1708 nullum
1536 1637 1695 1717 declarari,

328 1747 400 1835 quia
422 1745 501 1813 duae
525 1770 635 1813 causae
659 1748 690 1812 in
715 1770 751 1813 ea
776 1769 940 1834 expressae
965 1746 1058 1813 falsae
1081 1745 1371 1834 praetenderentur,
1395 1745 1539 1813 videlicet
1563 1765 1696 1831 compo·

329 1851 452 1919 nendae
478 1853 563 1940 pacis
590 1854 671 1920 inter
700 1876 790 1941 reges
815 1873 845 1920 et
869 1855 1011 1940 reginam
1036 1851 1207 1934 Elisabeth,
1237 1875 1309 1919 cum
1334 1854 1493 1920 intereos
1522 1873 1694 1939 numquam

329 1956 421 2024 hierit
449 1957 620 2039 discordia,
645 1995 685 2006 -
715 1971 746 2025 et
774 1959 846 2047 quia
874 1959 1030 2026 Henricus
1059 1958 1231 2045 dispensari
1262 1958 1452 2046 supplicabat
1483 1980 1541 2046 pro
1572 1968 1695 2023 contra-

329 2061 435 2129 hendo
460 2066 676 2146 matrimoni0‚
705 2088 777 2132 cum
802 2066 864 2132 hoc
895 2077 1002 2132 tamen
1025 2064 1136 2132 falsum
1161 2077 1259 2147 esset,
1287 2067 1360 2154 quia
1381 2076 1457 2132 tunc
1481 2081 1546 2131 erat
1573 2062 1619 2128 XI
1642 2085 1697 2128 an-

329 2190 459 2251 norum,
491 2181 522 2237 et
545 2172 589 2237 sic
612 2171 773 2259 impotens
797 2170 835 2238 ad
861 2169 1130 2252 contrahendum,
1155 2172 1275 2259 etipse
1299 2193 1472 2258 numquam
1501 2169 1696 2256 supplicavit,

327 2274 385 2340 sed
412 2286 499 2362 pater
527 2278 602 2343 eius.
649 2275 687 2343 Et
714 2275 787 2344 hinc
810 2277 945 2364 insurgit
974 2277 1063 2344 tertia
1092 2300 1183 2344 causa
1212 2275 1412 2343 invaliditatis
1442 2274 1697 2362 dispensationis,

328 2381 399 2468 quia
422 2403 494 2448 cum
518 2393 664 2471 tempore
688 2381 931 2471 dispensationis
953 2393 1083 2470 propter
1107 2381 1265 2450 defectum
1295 2383 1403 2449 aetatis
1427 2393 1509 2448 esset
1537 2381 1698 2468 impotens

327 2485 366 2552 ad
390 2487 643 2556 contrahendum
672 2489 927 2571 matrimonium,
952 2487 1155 2576 dispensatio,
1179 2511 1258 2578 quae
1282 2487 1477 2576 aprincipio
1502 2509 1566 2553 non
1591 2484 1698 2568 valuit,

327 2615 394 2658 uon
417 2595 521 2682 potuit
544 2596 787 2683 superveniente
810 2607 911 2663 aetate
927 2595 1157 2662 convalescere.
1204 2593 1242 2661 Et
1261 2607 1346 2662 extra
1369 2594 1463 2661 breve
1487 2590 1700 2680 allegabantur

328 2699 423 2765 etiam
447 2698 526 2768 duae
553 2701 629 2768 aliae
654 2725 773 2769 causae.
819 2701 937 2783 Prima,
967 2701 1038 2790 quia
1061 2701 1253 2788 dispensatio
1277 2700 1315 2766 ab
1338 2700 1478 2767 Henrico
1507 2722 1574 2766 non
1597 2696 1700 2766 firerat

328 2816 501 2892 acceptata,
528 2807 631 2874 immo
660 2806 829 2888 dicebatur,
860 2805 947 2896 quod
975 2819 1086 2873 contra
1116 2805 1199 2873 illam
1228 2823 1292 2873 erat
1322 2817 1523 2893 protestatus,
1553 2803 1640 2893 quod
1669 2804 1699 2870 ei

329 2934 395 2978 non
419 2911 637 2981 consentiebat
645 2941 653 2995 ;
687 2912 835 2994 secunda,
859 2914 930 3001 quia
949 2925 1095 3000 tempore
1112 2913 1265 2980 contracti
1289 2912 1483 2979 matrimonii
1506 2934 1595 2978 causa
1611 2911 1699 2998 pacis

328 3017 572 3106 componendae
598 3021 792 3106 interreges
816 3031 847 3086 et
870 3020 1024 3106 reginam,
1049 3042 1120 3086 cum
1146 3019 1254 3105 regina
1273 3016 1428 3084 Elisabeth
1453 3019 1513 3084 iam
1538 3029 1620 3084 esset
1643 3015 1701 3084 de-

328 3121 448 3205 functa,
473 3123 715 3214 (cessaverat)²;
750 3138 918 3213 propterea
947 3125 1094 3213 petebant
1123 3137 1280 3204 oratores,
1310 3125 1335 3190 si
1364 3126 1404 3190 ita
1433 3125 1629 3211 reperiretur,
1659 3147 1702 3189 ex

329 3253 414 3296 nunc
438 3228 584 3298 declarari
608 3254 664 3318 per
687 3231 891 3299 Sanctitatem
908 3233 1071 3312 Vestram,
1096 3229 1364 3318 dispensationem
1390 3253 1458 3296 esse
1482 3229 1701 3316 subreptitiam

329 3355 359 3402 et
384 3337 623 3405 matrimonium
648 3336 830 3404 invalidum.

433 3442 472 3510 Et
498 3443 641 3532 quamvis
669 3443 822 3511 Sanctitas
842 3445 956 3510 Vestra
983 3445 1013 3509 in
1044 3443 1192 3510 omnibus
1223 3441 1313 3509 licitis
1343 3461 1373 3508 et
1405 3441 1546 3508 honestis
1575 3439 1703 3527 placere

327 3549 432 3636 regiae
455 3549 611 3616 Maiestati
640 3549 846 3631 desideraret,
874 3561 997 3631 tamen,
1026 3550 1098 3638 quia
1122 3561 1186 3617 erat
1213 3549 1271 3615 iuri
1296 3560 1327 3615 et
1350 3547 1464 3615 rationi
1492 3545 1701 3626 contrarium,

328 3653 415 3743 quod
442 3675 530 3743 parte
561 3679 627 3722 non
657 3657 749 3723 citata
776 3679 835 3723 nec
863 3655 967 3724 audita
993 3657 1035 3723 ita
1063 3657 1329 3742 pronuntiaretur,
1361 3655 1423 3722 hoc
1450 3651 1508 3721 luit
1535 3664 1701 3740 negatum.

327 3763 459 3849 insuper
475 3784 582 3828 causas
598 3761 805 3849 surreptionis
822 3773 853 3828 et
869 3759 1067 3829 invaliditatis
1084 3758 1327 3848 dispensationis
1344 3783 1360 3826 a
1378 3758 1561 3825 consiliariis
1577 3757 1700 3824 Sancti-
1782 3793 1788 3802 ·

328 3868 398 3933 tatis
411 3868 554 3948 Vestrae,
578 3867 630 3954 qui
653 3865 776 3934 fuerant
792 3866 944 3954 plurimi,⁸
967 3890 1034 3934 non
1054 3865 1245 3934 habebantur
1268 3867 1403 3932 omnino
1420 3887 1478 3952 pro
1494 3863 1642 3952 legitimis
1668 3877 1703 3930 et

328 3969 565 4052 sufficientibus,
590 3971 673 4038 unde
690 3971 843 4040 Sanctitas
859 3973 972 4038 Vestra
997 3971 1036 4038 de
1052 3974 1130 4039 scitu
1148 3983 1311 4039 oratorum
1329 3969 1487 4037 consuluit
1502 3981 1534 4036 et
1550 3967 1702 4036 doctores

327 4078 508 4161 Perusinos,
533 4100 614 4166 quos
637 4076 676 4144 ad
698 4102 732 4144 se
749 4079 883 4160 vocavit,
908 4079 960 4168 qui
984 4079 1083 4166 ignari
1107 4079 1267 4166 opinionis
1291 4075 1460 4145 doctorum
1484 4075 1701 4142 assistentium

328 4183 490 4252 Sanctitati
514 4185 648 4251 Vestrae
670 4185 702 4249 in
728 4182 861 4251 eandem
886 4185 1077 4251 sententiam
1100 4196 1329 4251 convenerunt.

435 4289 585 4357 Petebant
609 4288 751 4356 secundo
769 4302 921 4372 oratores,
945 4290 1135 4358 sententiam
1152 4289 1278 4357 divortii
1293 4287 1454 4356 ferendam
1481 4312 1518 4354 ex
1535 4310 1619 4354 nunc
1643 4309 1703 4374 per

329 4395 533 4463 Sanctitatem
547 4395 694 4462 Vestram
719 4393 912 4477 confirmari,
935 4395 1023 4484 quod
1046 4397 1140 4462 etiam
1156 4395 1309 4462 Sanctitas
1325 4395 1438 4461 Vestra
1462 4393 1563 4461 lacere
1586 4392 1703 4476 noluit,

352 4697 361 4706 ..
419 4631 444 4704 '¹
464 4623 590 4678 Gemeint
614 4625 646 4677 ist
671 4624 712 4678 die
736 4624 863 4695 Sendung
887 4624 933 4678 des
956 4625 1091 4678 Setrerars
1111 4625 1154 4678 W.
1179 4625 1288 4695 Knight.
1326 4625 1351 4678 S.
1376 4625 1464 4677 meine
1484 4622 1623 4676 Aufsatze:
1648 4623 1704 4677 Die

331 4693 948 4834 Ρψεὼεθῂοῑιῇἱῗιῗῗξςῇεεῖειῼ.Εὸἰῇκίῗῑτςιᾰξῃ
974 4783 1008 4836 ge
1030 4783 1064 4820 en
1086 4766 1128 4818 die
1147 4766 1280 4836 Dispense
1299 4765 1389 4836 Julius’
1408 4764 1441 4818 ll.
1462 4763 1613 4834 vergleiche
1637 4781 1705 4818 man

332 4829 377 4883 das
397 4833 535 4886 consilium
555 4851 634 4957 super
653 4852 731 4889 causa
750 4836 905 4908 Anglicana
925 4836 995 4890 oben
1031 4835 1061 4890 ¹r.
1084 4852 1115 4908 19
1134 4837 1187 4889 und
1204 4836 1247 4889 die
1266 4835 1471 4907 Bemerlrungen
1488 4835 1561 4888 dazu.

437 4909 447 4936 ³
465 4902 532 4957 Also
545 4905 586 4957 nic

332 4969 430 5041 spricht
607 4904 699 4959 tbloss
718 4906 797 4959 those
816 4906 869 4960 few
888 4923 949 4960 men
970 4906 1002 4959 of
1017 4923 1106 4979 yours,
1125 4923 1179 4960 von
1197 4905 1283 4960 denen
1303 4905 1348 4960 das
1366 4905 1511 4960 Schreibeu
1529 4905 1576 4959 des
1596 4903 1705 4978 Kbnigs
