3782 5532
158 286 218 342 15²9
236 265 297 325 Mai.
1480 271 1519 336 97

253 432 313 498 Per
336 429 364 496 la
386 431 496 517 giunta
519 428 569 497 del
585 429 673 499 detto
691 431 873 519 Guglielmo
898 429 930 500 fu
952 432 1100 523 expedito
1123 439 1177 526 qui
1193 439 1338 528 Monsgr.
1356 443 1386 510 di
1404 445 1521 514 Baiona

149 539 417 605 acommunicare
434 535 565 619 11111110,
590 548 621 604 et
637 535 656 603 il
673 536 828 605 cardinale
851 540 899 606 mi
924 539 967 606 ha
991 539 1113 624 detto,
1138 544 1275 614 havere
1298 548 1395 618 fatto
1420 551 1520 621 buon

150 643 285 711 officio
309 666 366 732 per
387 643 430 710 N.
454 643 591 730 Signore
615 655 646 710 et
670 644 728 711 che
752 643 972 729 vorrebbon0‚
1002 647 1060 714 che
1083 671 1139 735 per
1162 673 1258 718 mano
1283 652 1313 720 di
1337 655 1398 723 Sua
1423 659 1522 727 Beati-

148 749 258 817 tudine
281 751 423 838 segnisse
444 749 527 816 detta
551 773 639 836 pace,
664 749 886 819 confirmando
903 753 965 820 Sua
981 753 1100 822 Santitt
1123 757 1174 823 nel
1198 763 1364 849 proposito
1388 763 1466 833 fatto
1491 767 1521 835 di

148 856 236 923 volet
266 855 473 943 personaliter
503 857 611 923 venire
640 880 656 922 a
685 856 877 944 procurarla3
906 881 972 925 non
996 859 1200 930 vorrebbono
1229 869 1325 954 perh,
1357 893 1451 938 come
1480 875 1522 941 ho

148 963 269 1045 scritto,
294 961 351 1042 che
371 961 433 1028 Sua
449 961 568 1029 Santitl
591 961 722 1030 andasse
747 963 778 1028 in
798 963 969 1052 Hispagna,
994 989 1046 1032 ma
1070 967 1127 1035 che
1151 968 1269 1039 facesse
1294 999 1336 1041 un
1362 991 1523 1047 convento

150 1070 179 1135 in
203 1066 336 1157 qualche
359 1067 458 1155 luogo
483 1066 513 1134 di
537 1065 680 1149 confine,
710 1079 742 1135 et
765 1091 820 1157 per
844 1069 948 1158 quello
979 1071 1062 1139 ch'io
1087 1075 1237 1159 intendo,
1266 1103 1331 1148 non
1363 1104 1437 1171 pare
1465 1088 1523 1153 che

150 1173 249 1241 debba
277 1197 382 1240 essere
411 1171 560 1240 difficulttl
588 1197 629 1240 ne
657 1173 685 1240 le
715 1174 907 1258 conditioni,
939 1180 965 1243 sl
989 1177 1034 1244 fra
1063 1179 1180 1248 Cesare
1209 1203 1240 1250 et
1265 1185 1524 1276 Cristianissimo,

150 1304 243 1348 come
267 1280 319 1369 pel
343 1278 458 1347 ducato
487 1278 517 1346 di
541 1279 661 1347 Milano
693 1293 725 1348 et
755 1279 794 1348 de
824 1279 852 1347 la
875 1284 1074 1351 restitutione
1102 1285 1142 1353 de
1167 1288 1281 1357 Cervia
1309 1305 1341 1359 et
1363 1295 1524 1381 Ravenna,

150 1385 265 1475 perche
289 1383 438 1468 intend0‚
468 1385 526 1452 che
549 1384 671 1452 benche
694 1387 797 1459 inauzi
828 1387 847 1453 il
870 1389 993 1456 ritorno
1018 1389 1070 1459 del
1091 1393 1213 1479 prefato
1238 1398 1389 1469 mandato
1418 1428 1436 1470 a
1458 1406 1525 1473 Ma-

151 1492 242 1560 dama
265 1490 459 1578 Margherita
489 1493 521 1558 in
544 1491 660 1559 Franza
689 1515 756 1559 non
780 1515 813 1560 se
837 1494 881 1559 sia
906 1499 1139 1566 communicata
1166 1500 1195 1568 la
1218 1526 1293 1572 cosa
1322 1506 1371 1573 alli
1396 1514 1525 1596 oratori,

151 1598 351 1666 nondimeno
368 1599 427 1665 che
441 1621 498 1686 per
520 1597 607 1664 buon
631 1597 732 1665 modo
756 1599 941 1686 interrogati
964 1603 1036 1670 tutti
1060 1604 1261 1692 applaudono
1285 1637 1302 1680 a
1326 1617 1403 1703 ogni
1423 1618 1523 1687 modo

151 1705 207 1772 che
231 1706 257 1770 si
281 1705 386 1773 truovi
409 1726 465 1792 per
488 1704 584 1772 haver
606 1726 697 1792 pace,
726 1723 757 1771 et
781 1704 853 1772 ch'il
877 1706 1125 1778 Cristianissimo
1149 1717 1174 1779 sl
1203 1713 1242 1782 da
1265 1718 1285 1784 li
1309 1723 1379 1788 suoi
1407 1727 1526 1793 oratori

152 1811 188 1878 da
211 1811 360 1892 Venetia,
384 1831 477 1877 come
502 1809 541 1877 da
564 1809 657 1900 quelli
680 1808 712 1876 di
735 1810 807 1899 quel
830 1810 933 1878 Illmo.
956 1813 1115 1884 Dominio
1140 1819 1194 1902 ha,
1223 1823 1293 1892 che
1316 1827 1526 1898 Venetiani

152 1939 228 1982 non
247 1939 508 1984 recuseranno
525 1915 631 1984 detta
649 1918 914 1985 restitutione.
946 1920 1035 1987 Vero
1053 1927 1080 2004 ὲ,
1098 1923 1156 1993 che
1173 1926 1405 2001 dimandavano
1422 1958 1526 2006 essere

153 2021 269 2090 liberati
293 2021 398 2088 daun
423 2042 487 2089 200
510 2021 584 2088 mila
608 2020 721 2104 ducati,
745 2023 803 2090 che
828 2022 976 2092 debbono
1001 2026 1028 2094 al
1045 2029 1293 2103 Cristianissimo
1317 2061 1374 2126 per
1396 2040 1425 2108 le
1449 2067 1525 2112 con-

153 2127 316 2195 tributioni
341 2128 399 2194 che
424 2125 590 2194 dovevano
614 2126 689 2194 fare.
734 2129 772 2195 Et
802 2129 924 2197 benche
947 2145 1060 2221 questo
1090 2147 1212 2206 tentare
1243 2140 1275 2209 di
1298 2165 1373 2231 pace
1398 2152 1525 2234 pervia

153 2233 182 2302 di
205 2232 352 2300 Madame
376 2232 569 2320 Margherita
599 2256 666 2300 non
697 2235 742 2299 sia
770 2258 863 2301 senza
886 2239 1067 2326 suspicione
1091 2243 1150 2308 che
1181 2247 1226 2312 sia
1249 2270 1323 2315 cosa
1346 2275 1440 2335 vana,
1468 2278 1527 2343 pur

153 2338 284 2406 intendo
309 2362 365 2427 per
387 2320 569 2420 buona⁹via,
593 2338 652 2405 che
675 2338 718 2426 gli
742 2343 759 2406 ὲ
783 2341 914 2428 qualche
936 2342 1156 2430 fundamento,
1181 2365 1213 2418 et
1235 2352 1280 2420 fra
1302 2358 1399 2443 pochi
1421 2363 1526 2446 giorni

153 2468 244 2533 spero
269 2468 310 2511 ne
333 2469 458 2512 saremo
475 2443 570 2511 chiari
595 2456 626 2512 et
641 2445 705 2512 Dio
729 2445 845 2533 voglia‚
869 2447 928 2514 che
951 2451 977 2515 si
994 2452 1170 2522 conducaa
1193 2459 1325 2546 qualche
1348 2462 1434 2533 buon
1451 2467 1525 2552 fine,

154 2564 183 2619 et
198 2553 336 2620 omnino
361 2554 405 2618 mi
427 2551 547 2640 pareria
571 2549 673 2618 molto
697 2551 724 2618 al
746 2556 924 2640 proposito,
949 2556 1007 2624 che
1030 2557 1059 2625 la
1076 2583 1150 2627 cosa
1173 2565 1199 2629 si
1214 2564 1333 2635 facesse
1356 2593 1412 2658 per
1428 2595 1525 2642 mano

155 2671 189 2725 et
210 2681 282 2725 con
307 2659 472 2724 autoritl
495 2655 532 2724 di
547 2657 621 2724 Sua
638 2657 903 2743 Beatitudine3
928 2661 986 2730 che
1002 2666 1130 2753 quando
1153 2692 1209 2758 per
1224 2672 1300 2740 altra
1315 2677 1364 2744 via
1384 2681 1525 2767 seguisse

155 2763 339 2845 concordia,
365 2761 517 2850 potrebbe
540 2765 692 2852 importat
716 2764 819 2833 molto
844 2785 875 2834 et
898 2781 987 2836 tanto
1010 2772 1079 2858 piu,
1107 2798 1142 2841 se
1165 2791 1274 2865 questa
1297 2782 1417 2852 Maesta
1440 2785 1525 2856 fusse

155 2871 367 2938 malcontenta
391 2867 422 2936 di
446 2869 508 2935 Sua
529 2868 649 2937 Santitt
672 2872 704 2937 in
728 2885 837 2960 questa
861 2897 952 2942 causa
976 2879 1223 2966 matrimoniale,
1254 2884 1282 2952 la
1306 2890 1396 2977 quale
1426 2916 1482 2981 per
1504 2894 1526 2960 il

155 2975 324 3063 procedere
347 2975 380 3041 in
404 2998 473 3041 essa
496 2975 570 3042 Dio
595 2999 671 3042 non
695 2977 840 3065 voglia,
870 3004 938 3048 non
961 2985 1045 3070 porti
1068 2987 1200 3074 qualche
1222 2991 1485 3068 interturbatione
1508 3025 1526 3068 a

154 3093 239 3148 tanto
262 3080 355 3147 bene.

255 3205 401 3292 Hoggie
424 3206 537 3292 giunto
559 3208 613 3294 qui
632 3230 697 3274 uno
714 3208 865 3276 mandato
882 3209 921 3278 da
936 3212 1083 3282 Madama
1099 3218 1306 3308 Margherita3
1330 3225 1414 3296 forse
1433 3251 1524 3319 porta

155 3310 260 3378 alcuna
288 3333 362 3377 cosa
387 3311 468 3377 circa
496 3311 524 3377 la
547 3335 640 3398 pace,
673 3325 704 3380 et
732 3313 764 3382 lo
788 3328 915 3383 oratore
944 3316 975 3384 di
1000 3319 1131 3405 Cesare,
1164 3350 1305 3396 vescovo
1336 3332 1366 3400 di
1390 3334 1523 3424 Burgos,

156 3417 221 3484 ch’e
243 3419 359 3505 partito
383 3439 438 3504 per
461 3419 595 3484 ritornar
618 3420 651 3484 iu
667 3419 802 3508 Spagna,
825 3424 926 3490 scrive
950 3423 988 3492 da
1006 3426 1108 3511 Cales,
1132 3431 1228 3499 havet
1251 3435 1361 3506 lettere
1385 3441 1425 3508 de
1444 3444 1524 3511 XXI

156 3520 278 3610 d'aprile
302 3521 342 3589 da
358 3522 486 3605 cesare,
510 3523 569 3590 che
591 3522 635 3611 gli
658 3537 843 3611 commette,
868 3529 927 3596 che
950 3535 1077 3618 procuri
1099 3559 1156 3622 per
1178 3539 1198 3606 il
1221 3565 1330 3611 mezzo
1355 3546 1385 3614 di
1410 3565 1523 3639 questo

156 3627 246 3695 Rmo.
270 3639 302 3695 et
325 3639 434 3718 questa
456 3629 578 3697 Maesta
601 3629 632 3697 di
656 3631 751 3699 havet
774 3633 860 3702 salvo
885 3636 1041 3706 condotto
1067 3641 1105 3708 da
1125 3643 1240 3713 Franza
1265 3648 1296 3716 di
1320 3664 1413 3738 poter
1435 3681 1524 3725 man·

157 3729 224 3798 dare
247 3733 300 3821 qui
323 3757 367 3800 un
390 3756 450 3799 suo
474 3747 610 3819 oratore,
633 3737 783 3806 accioche
799 3741 916 3829 venghi
939 3745 992 3830 piu
1016 3759 1123 3832 presto
1140 3749 1212 3817 ch'il
1236 3776 1302 3822 non
1327 3756 1452 3828 sarebbe
1468 3788 1524 3853 per

156 3835 175 3901 li
198 3838 324 3925 periculi
349 3851 381 3907 et
402 3840 453 3909 via
477 3839 526 3909 del
548 3865 645 3910 mare.

257 3981 298 4048 Di
322 3981 534 4066 Richemond,
558 4003 610 4051 22.
634 3986 708 4052 maii
735 4006 827 4074 1529.

641 4144 697 4212 Uti
720 4143 801 4212 filius
825 4145 1038 4220 deditissimus

1054 4281 1089 4347 L.
1115 4283 1187 4352 Car.
1213 4287 1417 4380 Campegius.

363 4457 449 4514 Nunz.
472 4458 497 4511 di
520 4457 611 4516 Germ.
634 4476 672 4531 53,
697 4463 714 4518 l.
737 4466 794 4534 185.
831 4467 1007 4540 Eingelaufen
1031 4491 1074 4527 am
1099 4491 1139 4530 21.
1163 4479 1231 4549 Juni.
1269 4482 1394 4554 Theiner,
1418 4507 1443 4560 p.
1466 4493 1523 4559 581.

261 4544 312 4599 Der
331 4545 486 4600 kaiserliche
505 4547 640 4604 Gesandte
660 4551 686 4605 in
705 4552 839 4626 Englend,
862 4557 941 4630 Inigo
961 4559 993 4614 de
1012 4561 1155 4632 Mendoza‚
1181 4569 1324 4626 erwthlter
1342 4573 1456 4632 Bischof
1470 4598 1524 4634 von

262 4633 370 4706 Burgus,
390 4636 462 4690 hatte
475 4653 565 4708 gegen
583 4639 659 4693 Mitte
671 4640 744 4696 Mira
761 4657 827 4715 1529
846 4647 919 4700 seine
932 4648 1107 4724 Abberufung
1126 4655 1244 4710 erhalten
1265 4660 1318 4714 und
1336 4663 1415 4718 sollte
1434 4684 1523 4739 gegen

262 4721 300 4776 die
319 4725 475 4795 englischen
495 4725 649 4780 Gesandten
672 4729 699 4783 in
718 4729 847 4802 Spanien,
867 4734 997 4792 Ghinucci
1015 4741 1068 4794 und
1087 4742 1155 4810 Lee,
1174 4748 1312 4817 ausgelost
1331 4753 1455 4822 werden;
1484 4759 1524 4812 in·

263 4809 354 4866 dessen
373 4813 505 4868 verschob
524 4813 580 4869 sich
600 4817 673 4870 seine
692 4817 803 4874 Abreise
826 4823 864 4877 bis
883 4824 909 4877 in
929 4824 981 4879 den
1000 4827 1065 4898 Mai,
1089 4832 1143 4885 und
1161 4841 1245 4889 etwas
1265 4842 1361 4908 spiret,
1380 4842 1440 4913 Juni
1459 4847 1525 4901 oder

264 4897 318 4966 Juli,
337 4901 429 4954 liehrte
442 4919 470 4955 er
488 4903 558 4956 doch
578 4920 675 4975 wegen
689 4905 735 4960 der
748 4906 1092 4986 Friedensverhandlungen
1105 4921 1204 4976 wieder
1224 4923 1272 4977 auf
1281 4927 1369 4999 einige
1382 4931 1437 4986 Zeit
1456 4935 1524 4989 nach

216 5017 313 5070 1111101.
328 5022 456 5068 3110110110
471 5025 631 5073 ttokumanta.
1380 5060 1391 5100 ᾳ
