3842 5532
219 383 342 454 Anhang.
1525 373 1587 436 265

429 543 459 598 L.
479 561 501 598 c.
522 562 546 615 p.
565 557 625 614 443.
663 533 735 598 Uber
753 543 796 598 die
815 542 977 609 Freiheiten,
997 543 1102 597 welche
1120 544 1178 598 sich
1197 543 1238 597 die
1257 543 1414 616 englischen
1433 544 1588 599 Gesandten

323 633 371 686 mit
389 632 441 686 den
461 632 566 686 Briesen
586 632 733 700 erlaubten‚
757 631 799 686 die
819 649 872 685 von
891 633 961 686 Rom
985 632 1054 686 nach
1073 631 1194 703 England
1217 633 1282 686 oder
1302 650 1354 687 von
1373 633 1495 705 England
1519 634 1587 688 naclr

323 721 393 776 Rom
417 722 531 794 gingen,
555 721 638 793 vergl.
662 721 704 774 dic
727 720 931 792 Bemerlrungen
954 738 985 774 zu
1005 720 1190 792 Campeggios
1211 721 1372 792 Depeschen
1392 737 1454 776 vorn
1476 723 1515 776 18.
1536 722 1589 777 und

324 823 365 863 ιι.
385 809 452 880 Juni,
472 810 542 863 oben
561 811 587 864 S.
611 822 659 874 104
678 809 730 862 und
752 825 809 863 11o.
846 809 872 863 S.
892 809 960 863 auch
980 808 1021 862 die
1042 808 1169 880 folgende
1188 809 1326 863 Nummer.

846 1040 961 1122 XXI.

465 1201 517 1265 An
539 1198 683 1284 Jacobo
707 1199 876 1267 Salviati.
923 1198 1070 1280 Orleans,
1097 1219 1125 1286 3.
1148 1199 1221 1284 Juni
1251 1217 1342 1283 1529.

324 1357 459 1411 Nocbmals
481 1359 523 1411 die
542 1358 709 1429 Beliandlung
727 1360 773 1411 der
792 1359 877 1428 Briffe
902 1376 936 1411 an
956 1357 1087 1411 Kardinnl
1107 1357 1264 1430 Campeggio
1288 1359 1338 1428 aas
1351 1357 1408 1410 dem
1425 1355 1501 1427 Wege
1525 1357 1587 1410 arach

218 1444 346 1514 England.
383 1445 413 1498 L.
433 1464 453 1500 c.
471 1455 495 1518 p.
515 1463 575 1518 449.

322 1586 470 1654 Hiersera
498 1610 702 1676 comparsero
734 1587 762 1656 le
790 1613 845 1656 sue
877 1587 916 1655 de
945 1610 992 1674 15,
1023 1588 1051 1656 le
1081 1588 1164 1677 quali
1195 1587 1287 1656 hebbi
1315 1609 1371 1675 per
1400 1589 1485 1654 rnani
1514 1585 1586 1654 dell'

217 1689 435 1760 inrbasciatore
458 1692 593 1780 lnglese‚
617 1705 650 1761 et
670 1693 700 1761 le
724 1695 788 1761 mie
812 1719 878 1761 non
903 1717 1004 1762 erono
1028 1693 1154 1776 tocche‚
1179 1693 1281 1782 quelle
1305 1691 1356 1760 del
1378 1693 1474 1760 Rmo.
1492 1693 1587 1760 Carn-

216 1799 333 1885 peggio
356 1821 450 1865 senza
473 1798 568 1867 dubio
593 1823 695 1867 erono
719 1811 798 1867 state
820 1814 939 1888 aperte,
963 1805 1004 1867 ne
1020 1823 1118 1888 posso
1141 1801 1315 1887 imaginare
1339 1797 1433 1880 dove,
1458 1822 1491 1866 se
1518 1821 1585 1864 non

215 1900 298 1970 fusse
321 1904 524 1973 intervenuto
548 1905 665 1994 quello,
688 1905 709 1972 li
733 1907 836 1973 scrissi
860 1905 1000 1974 dubitare
1025 1929 1080 1994 per
1103 1905 1209 1972 l'altra.

321 2027 469 2111 Orleans‚
497 2049 525 2116 3.
549 2030 621 2115 Juni
649 2050 741 2116 1529.

832 2278 969 2360 XXII.

537 2438 588 2502 An
610 2434 754 2522 Jacobo
778 2435 946 2503 Salviati.
994 2455 1045 2503 20.
1067 2436 1141 2522 Juni
1170 2456 1261 2521 1529.

321 2593 372 2644 Die
385 2593 527 2663 Frartroren
545 2595 656 2659 werden,
675 2613 717 2646 um
731 2596 776 2647 nri!
790 2595 847 2647 dem
862 2595 955 2649 Kaiser
973 2613 1003 2664 (a
1017 2595 1125 2648 Iliaden
1144 2613 1174 2664 <u
1185 2596 1321 2664 gelangen,
1339 2595 1390 2664 arcs
1404 2594 1458 2646 ihre
1471 2593 1584 2646 Bundes-

212 2697 332 2748 genossen
355 2683 439 2752 wenig
459 2682 590 2736 erclrsiclrt
613 2683 723 2736 nahmen.
762 2684 795 2736 Es
814 2686 845 2737 isl
867 2684 947 2737 daher
965 2701 1007 2737 am
1025 2685 1114 2748 beslen,
1137 2701 1210 2736 wem:
1232 2683 1278 2736 der
1296 2683 1371 2754 Papsl
1394 2681 1463 2734 nicht
1484 2688 1585 2745 worlel,

214 2767 250 2821 dis
268 2770 310 2822 dir
328 2769 470 2839 Fravposen
494 2771 547 2822 ilrre
566 2770 688 2841 Verrrrge
708 2772 860 2843 geschlossen
878 2772 965 2826 haben.
988 2804 1017 2810 -
1039 2771 1141 2844 Eisrige
1159 2770 1334 2842 Verwendung
1354 2771 1397 2824 des
1416 2770 1514 2840 Konigs
1533 2787 1584 2822 von

215 2856 371 2912 Franlveiclr
390 2860 416 2910 in
435 2859 481 2911 der
501 2858 577 2912 Sache
596 2859 730 2913 Heinrichs
747 2861 817 2914 VIII.
838 2861 890 2914 und
910 2860 1029 2932 Sendung
1047 2862 1090 2914 des
1108 2861 1219 2930 Bisclross
1242 2877 1293 2913 von
1317 2858 1409 2912 Turbes
1427 2877 1473 2928 zur
1492 2858 1584 2928 Besar-

214 2953 333 3017 worlung
351 2947 397 2999 der
416 2946 604 3018 Elescleidung
622 2949 686 3002 nach
704 2949 829 3020 Bologna.

321 3087 414 3155 Molti
437 3091 465 3156 ci
488 3113 582 3172 sono,
607 3089 665 3156 che
689 3087 855 3172 dubitono‚
880 3091 938 3158 che
962 3102 1103 3170 coslor0,
1127 3088 1271 3178 potendo
1298 3099 1428 3155 assenar
1456 3087 1484 3153 le
1509 3109 1583 3153 cose

215 3189 296 3273 loro,
320 3192 505 3261 lasceranno
529 3218 663 3282 ognuno
688 3207 719 3262 et
741 3197 927 3262 aiuteranno
943 3194 1161 3283 l'lnrperatore
1184 3219 1201 3261 a
1224 3196 1351 3260 rovinar
1374 3193 1394 3260 li
1410 3191 1488 3274 altri,
1506 3190 1584 3258 dalla

215 3296 305 3384 quale
328 3300 482 3387 opinione
505 3301 537 3367 io
562 3324 628 3367 non
653 3324 736 3368 sono
760 3300 863 3369 molto
888 3301 1045 3383 discorde,
1069 3325 1103 3368 se
1128 3300 1159 3368 lo
1182 3301 1377 3388 Imperatore
1400 3297 1583 3365 dimonderl

214 3403 296 3471 simil
313 3427 405 3488 cose;
430 3409 509 3494 perd
535 3407 577 3473 N.
593 3407 729 3495 Signore
752 3408 843 3496 pensi
867 3432 884 3475 a
908 3409 970 3475 casi
986 3408 1055 3474 suoi
1081 3419 1112 3474 et
1135 3430 1201 3473 non
1218 3407 1243 3472 si
1260 3405 1334 3472 lasci
1349 3406 1458 3472 venire
1474 3415 1583 3494 questa

213 3510 307 3597 piena
329 3509 456 3594 adoss0,
479 3512 597 3600 perche
621 3515 707 3601 epil
730 3512 824 3581 lecito
849 3537 865 3580 a
889 3515 951 3582 Sua
974 3514 1094 3581 Santita
1117 3513 1137 3579 il
1160 3511 1303 3600 fuggirla‚
1327 3523 1359 3579 ct
1379 3535 1441 3578 con
1460 3509 1583 3592 facilita,

215 3615 273 3682 che
296 3640 313 3683 a
335 3641 477 3686 nessuno
500 3617 591 3701 altro,
615 3638 647 3686 et
670 3643 687 3686 a
711 3633 841 3688 costoro
863 3643 930 3687 non
953 3622 1018 3708 pul)
1043 3619 1206 3708 dispiacer,
1230 3616 1386 3686 cercando
1414 3640 1495 3683 anco
1512 3615 1583 3683 loro

214 3721 278 3790 fare
302 3724 312 3790 i
335 3722 402 3790 fatti
426 3725 496 3791 suoi
519 3747 612 3792 senza
635 3748 749 3813 pensar
772 3749 790 3792 a
812 3726 907 3815 quelli
930 3725 1040 3793 d'altri.

319 3828 342 3895 Il
366 3829 616 3898 Cristianissimo
644 3832 747 3898 avanti
776 3831 797 3897 il
820 3833 915 3919 partir
938 3855 997 3898 suo
1026 3830 1146 3898 mando
1174 3852 1230 3918 per
1260 3848 1367 3896 meet
1395 3827 1508 3896 fecemi
1537 3828 1584 3893 in-

213 3934 340 4018 tendet,
369 3935 427 4002 che
455 3935 610 4004 mandava
637 3937 657 4004 il
681 3960 822 4004 vescovo
852 3937 882 4004 di
906 3937 1012 4005 Tarba
1039 3936 1257 4005 imbasciatore
1286 3960 1301 4002 a
1325 3937 1367 4004 N.
1392 3937 1528 4023 Signore
1553 3953 1583 4000 et

214 4041 273 4108 che
301 4041 332 4108 lo
361 4040 515 4109 mandava
539 4044 692 4131 imposte,
723 4041 947 4130 pregandonri,
976 4045 1060 4112 ch'io
1088 4043 1204 4110 volessi
1232 4065 1345 4131 pregar
1368 4043 1430 4109 Sua
1453 4042 1582 4122 Santital,

215 4147 273 4214 che
308 4147 432 4214 volesse
466 4171 553 4216 esser
586 4160 737 4217 contenta
773 4148 912 4216 satisfare
948 4149 976 4216 al
1008 4151 1132 4217 Sermo.
1162 4148 1380 4238 d’Inghilterra
1412 4151 1442 4215 in
1474 4160 1584 4237 questa

214 4275 269 4319 sua
293 4275 385 4320 causa
408 4251 488 4320 della
511 4252 721 4322 dissolutione
745 4253 795 4322 del
819 4256 1043 4338 matrimonio,
1067 4254 1271 4337 mostrando,
1295 4255 1354 4322 che
1379 4256 1441 4322 Sua
1464 4254 1584 4320 Santitd

213 4381 281 4425 non
304 4370 420 4446 poteva
443 4359 470 4425 al
493 4371 639 4448 presente
663 4359 740 4427 fara
764 4359 807 4428 lui
830 4383 904 4428 cosa
926 4362 980 4449 pilr
996 4374 1084 4450 grata
1099 4365 1140 4429 ne
1156 4364 1209 4450 piel
1228 4359 1370 4450 proficua
1385 4383 1441 4448 per
1456 4359 1485 4426 la
1500 4357 1582 4426 Sede

213 4462 408 4551 Apostolica‚
431 4465 549 4552 perche
565 4477 678 4554 questo
703 4488 754 4533 era
777 4490 820 4532 un
837 4465 938 4533 modo
961 4490 978 4533 a
994 4479 1085 4534 tener
1103 4465 1410 4534 indissolubilrnente
1427 4467 1582 4533 coniunto

214 4591 277 4636 con
300 4569 361 4636 Sua
384 4571 582 4639 Beatitudine
605 4571 690 4639 l’una
714 4584 746 4640 et
768 4571 865 4639 l'altra
889 4573 1019 4656 Maesta,
1043 4575 1077 4640 in
1100 4573 1158 4640 che
1175 4572 1308 4641 addusse
1324 4572 1425 4640 nrolle
1448 4573 1582 4660 regioni,

214 4676 272 4742 che
295 4677 420 4744 sarieno
445 4677 562 4766 lunghe
586 4701 604 4744 a
627 4678 778 4762 narrarle,
804 4680 944 4746 maxime
974 4678 1122 4747 venendo
1151 4678 1412 4767 principalmente
1437 4679 1581 4765 Monsgr.

214 4779 244 4848 di
268 4781 372 4849 Tarba
395 4805 451 4871 per
474 4795 583 4872 questa
606 4807 708 4867 causa,
732 4784 770 4851 da
795 4784 844 4852 chi
869 4784 930 4852 Sua
956 4783 1152 4853 Beatitudine
1175 4788 1267 4873 potrl
1286 4784 1432 4853 intender
1451 4783 1472 4851 il
1487 4797 1581 4852 tutto.

213 4887 249 4953 Io
272 4889 385 4975 risposi
408 4913 426 4955 a
449 4889 511 4956 Sua
534 4890 673 4971 Maesta,
697 4891 755 4957 che
778 4891 840 4957 Sua
863 4889 1061 4959 Beatitudine
1092 4891 1272 4959 desiderava
1296 4890 1399 4958 molto
1422 4890 1542 4958 satisfar
1566 4915 1582 4958 a

214 4993 286 5081 quel
309 4994 433 5061 Sermo.
463 5019 511 5078 re,
543 5007 575 5062 et
596 5019 653 5084 per
682 5009 792 5085 questa
820 5021 911 5064 causa
939 4997 1056 5066 havera
1087 4997 1236 5066 mandato
1264 4997 1285 5064 il
1308 4999 1403 5067 limo,
1427 4998 1582 5068 cardinale
