3842 5532
214 305 322 358 Summa
341 303 512 365 defensionis,

879 499 916 567 ll.

317 643 525 713 Rechtsertigrutg
544 643 589 694 drr
611 642 978 711 Exieratmrurr'ictionssenten(
993 662 1075 713 gegeu
1097 643 1218 697 Heinrich
1237 645 1259 696 V
1259 645 1307 698 lli.

308 800 407 882 Quod
425 801 564 890 legitima
579 801 637 869 luit
654 802 832 869 Sanctitatis
841 802 974 869 Vestrae
988 801 1157 870 declaratio
1174 827 1268 891 super
1285 807 1477 894 attemptatis
1494 802 1582 875 facta.

307 926 384 992 Non
402 937 520 1012 negant
543 926 626 1012 regis
643 923 837 1006 defensores,
861 925 947 1014 quod
966 949 1096 1015 eaquae
1120 950 1174 993 rex
1193 925 1304 996 fecisse
1321 927 1443 1008 dicitur,
1469 929 1582 999 fuerint

211 1032 266 1098 hac
290 1030 565 1098 animadversione
590 1031 702 1116 digna;
726 1033 781 1098 sed
806 1031 880 1098 illud
904 1043 1025 1098 tantum
1051 1046 1299 1121 conqueruntur,
1323 1034 1410 1124 quod
1433 1059 1499 1103 nou
1524 1041 1582 1104 rite

210 1151 240 1206 et
256 1137 430 1205 secundum
448 1133 594 1206 ordinem
619 1136 808 1204 iudiciorum
825 1137 863 1205 ad
882 1161 917 1204 ea
941 1137 1126 1227 inquirenda
1151 1152 1181 1206 et
1197 1139 1374 1208 damnanda
1396 1165 1580 1230 processum

208 1243 310 1312 luerit.
344 1244 464 1312 Contra
488 1265 569 1332 quos
593 1243 726 1310 dicimus
750 1242 836 1332 quod
861 1245 962 1310 immo
987 1245 1044 1312 rite
1069 1247 1177 1311 omnia
1201 1265 1231 1312 et
1254 1246 1429 1314 secundum
1456 1249 1541 1336 leges
1565 1274 1581 1316 a

208 1349 378 1418 Sanctitate
394 1351 508 1418 Vestra
536 1348 623 1417 fuere
646 1348 739 1431 sacta,
769 1349 976 1418 discurrendo
1006 1373 1061 1438 per
1085 1374 1199 1418 omnes
1228 1351 1294 1418 illas
1317 1376 1440 1436 causas,
1469 1357 1581 1444 quibus

209 1458 273 1545 ipsa
297 1458 420 1524 moveri
444 1458 546 1544 potuit
570 1454 608 1523 ad
632 1457 673 1524 ita
696 1455 909 1538 statuendum,
938 1480 1017 1545 quae
1041 1481 1151 1524 causae
1175 1457 1212 1525 ab
1237 1459 1311 1547 ipsis
1336 1461 1430 1526 etiam
1456 1460 1580 1530 fuerunt

208 1563 434 1631 consideratae.

312 1687 395 1755 Nam
421 1689 525 1774 primo
548 1685 652 1776 quoad
676 1685 896 1754 vindicandam
927 1687 965 1752 ab
989 1687 1099 1754 iniuria
1127 1688 1286 1774 reginam,
1317 1690 1403 1778 quod
1428 1713 1495 1758 non
1523 1692 1580 1760 alia

208 1795 350 1880 cognitio
379 1817 438 1860 nec
466 1793 543 1860 alius
572 1793 646 1860 iuris
675 1793 756 1859 ordo
780 1791 837 1859 fuit
866 1794 1076 1874 necessarius,
1106 1794 1165 1859 nisi
1197 1813 1229 1860 ut
1260 1817 1315 1861 rex
1344 1794 1579 1880 admoneretur,

207 1897 293 1987 quod
318 1899 400 1966 illam
424 1901 578 1987 reciperet
601 1922 636 1966 ac
661 1922 700 1966 ne
725 1898 816 1966 aliam
841 1897 970 1965 duceret
1000 1898 1230 1988 pendentisque
1254 1899 1358 1968 iudicii
1385 1904 1503 1970 exitum
1528 1928 1581 1972 ex-

207 2018 360 2091 pectaret3
394 2029 570 2094 quaecum
598 2028 691 2093 saepe
719 2004 835 2073 fuerint
864 2004 942 2072 facta
967 2004 1131 2094 multoque
1161 2019 1308 2094 tempore
1332 2007 1425 2077 fuerit
1452 2033 1506 2076 rex
1530 2023 1579 2078 to·

207 2109 335 2193 leratuS,
363 2135 428 2200 quo
456 2110 612 2180 mandatis
641 2111 819 2178 Sanctitatis
835 2112 968 2179 Vestrae
997 2134 1105 2199 parere
1135 2111 1184 2179 vel
1212 2113 1338 2195 saltem,
1369 2137 1423 2183 cur
1451 2115 1482 2182 id
1512 2140 1578 2183 non

207 2216 331 2300 faceret,
356 2241 482 2286 causam
505 2218 638 2304 allegare
662 2219 776 2305 potuit,
801 2240 867 2284 non
892 2231 939 2285 est
963 2215 1104 2299 dubium,
1127 2218 1214 2307 quod
1240 2231 1325 2286 recte
1350 2240 1379 2288 et
1403 2222 1462 2288 rite
1486 2221 1579 2290 fuerit

206 2321 378 2390 declaratus
402 2325 433 2390 in
458 2326 667 2391 comminatas
692 2346 838 2390 censuras
862 2335 893 2390 et
917 2346 1036 2411 poenas
1059 2321 1217 2392 incidisse.

311 2447 430 2528 Quoad
452 2448 580 2515 alteram
606 2449 666 2516 litis
686 2447 874 2536 pendentiae
899 2449 1067 2530 tationem,
1092 2446 1167 2514 dum
1192 2449 1243 2516 isti
1266 2451 1340 2517 satis
1357 2451 1501 2538 imperite
1525 2476 1578 2520 ne·

204 2566 294 2639 gant,
323 2553 410 2642 quod
433 2553 470 2620 lis
494 2577 533 2622 eo
557 2567 703 2643 tempore
727 2553 880 2642 penderet
905 2551 952 2620 vel
978 2553 1073 2620 hodie
1099 2555 1192 2622 etiam
1221 2554 1359 2643 pendeat
1384 2581 1419 2624 ea
1442 2560 1576 2641 ratione,

205 2659 289 2747 quod
315 2659 463 2727 iudicium
492 2684 665 2750 numquam
695 2659 787 2728 luerit
810 2685 827 2726 a
850 2683 926 2745 rege
955 2679 1119 2747 acceptum
1147 2683 1207 2728 nec
1236 2661 1369 2729 liscum
1399 2687 1438 2730 eo
1468 2684 1577 2734 conte·

204 2777 296 2833 stata:
327 2789 388 2832 nos
412 2765 556 2849 dicimus,
585 2769 682 2855 aperti
707 2768 780 2833 iuris
805 2789 889 2848 esse,
913 2765 999 2855 quod
1022 2767 1054 2832 in
1080 2767 1142 2834 hoc
1166 2766 1282 2834 iudicio
1307 2769 1390 2835 nulla
1414 2769 1475 2837 litis
1499 2793 1576 2838 con-

204 2873 329 2939 testatio
359 2871 417 2940 fuit
447 2875 637 2954 necessaria,
666 2872 816 2962 quodque
844 2871 882 2939 ab
911 2875 980 2960 ipso
1009 2874 1166 2940 citationis
1194 2884 1340 2963 tempore
1371 2875 1408 2942 lis
1438 2877 1576 2964 pendere

204 2977 330 3065 incepit,
354 3003 414 3068 qua
438 2978 569 3047 durante
593 2981 701 3046 omnia
725 2991 907 3066 attemptata
930 2977 1057 3046 fuerunt
1080 2991 1111 3046 et
1134 2992 1207 3046 sunt
1230 2980 1419 3049 revocanda.

309 3101 428 3184 Quoad
459 3105 584 3172 tertiam
615 3115 818 3191 contemptus
850 3102 1022 3170 litterarum
1051 3103 1230 3170 Sanctitatis
1255 3104 1387 3172 Vestrae
1419 3108 1575 3175 rationem

204 3205 336 3275 dicimus
365 3211 480 3296 primu,
509 3209 595 3298 quod
620 3233 674 3276 eae
703 3233 769 3276 non
799 3232 855 3297 per
878 3208 1003 3276 alterius
1031 3210 1125 3296 partis
1150 3211 1439 3297 importunitatem,
1469 3224 1502 3280 ut
1526 3215 1576 3282 isti

202 3328 477 3403 praesupponunt,
506 3314 562 3383 sed
586 3318 715 3403 proprio
740 3328 830 3383 motu
855 3315 1032 3382 Sanctitatis
1049 3315 1197 3396 Vestrae,
1226 3317 1271 3382 sic
1295 3330 1432 3404 cogente
1460 3319 1575 3386 iustitia

203 3433 233 3488 et
256 3423 412 3510 aequitate
441 3421 566 3489 suerunt
595 3421 633 3489 ad
661 3445 771 3510 regern
800 3421 983 3489 destinatae.
1031 3420 1190 3502 Secunde,
1219 3422 1305 3511 quod
1334 3425 1366 3489 in
1395 3422 1452 3491 illis
1482 3422 1576 3493 desti-

202 3526 314 3595 nandis
345 3551 412 3594 non
445 3549 524 3610 erat,
556 3551 610 3596 cur
638 3529 721 3615 regis
751 3527 845 3615 legati
874 3527 924 3595 vel
955 3529 1021 3615 ipse
1053 3529 1145 3594 etiam
1180 3547 1345 3596 excusator
1374 3549 1573 3598 vocarentur.

202 3631 326 3715 Terti0,
354 3634 441 3722 quod
470 3657 528 3722 pro
558 3655 646 3702 certo
670 3637 759 3701 scivit
783 3634 936 3702 Sanctitas
956 3634 1084 3716 Vestra,
1113 3657 1221 3700 earum
1251 3634 1367 3723 aliquas
1397 3634 1435 3703 ad
1463 3659 1574 3705 manus

201 3741 283 3826 regis
317 3743 513 3828 pervenisse,
546 3741 661 3830 aliquas
694 3739 733 3808 ad
766 3742 832 3807 eius
865 3742 1011 3807 notitiam
1047 3739 1187 3828 legitime
1220 3742 1385 3829 pervenire
1421 3743 1573 3830 potuisse.

201 3845 337 3930 Quart0,
361 3847 446 3936 quod
471 3849 554 3936 regis
570 3847 649 3915 facta
671 3849 797 3915 notoria
821 3845 947 3914 fuerunt
970 3843 1120 3935 quodque
1144 3845 1184 3914 de
1206 3845 1265 3914 illis
1288 3870 1345 3935 per
1368 3848 1573 3917 Sanctitatem

201 3951 349 4020 Vestram
373 3953 429 4021 luit
453 3953 503 4021 illa
525 3953 669 4042 probatio
694 3965 863 4041 assumpta,
889 3976 968 4041 quae
992 3951 1032 4020 de
1048 3951 1140 4019 rebus
1165 3955 1300 4020 notoriis
1324 3952 1381 4022 suit
1397 3955 1572 4024 secundum

201 4057 286 4146 leges
309 4059 499 4148 accipienda.
539 4061 664 4143 Quinto
688 4059 775 4149 quod
800 4059 911 4130 eadem
934 4060 1018 4145 regis
1041 4057 1121 4128 facta
1145 4059 1302 4127 eiusmodi
1326 4059 1462 4144 fuerunt,
1486 4063 1573 4151 quod

201 4188 217 4230 a
240 4165 411 4234 Sanctitate
428 4167 541 4236 Vestra
569 4190 636 4235 non
665 4165 722 4234 fuit
750 4164 989 4255 inquirendum,
1017 4189 1082 4255 quo
1107 4167 1215 4233 animo
1245 4189 1349 4255 quove
1378 4168 1512 4234 consilio
1535 4169 1573 4236 ab

202 4294 240 4339 eo
262 4271 380 4340 fuerint
397 4271 486 4341 facta.
533 4274 641 4356 Sext0,
665 4271 752 4363 quod
776 4295 879 4362 neque
901 4296 957 4339 rex
980 4271 1037 4339 fuit
1061 4274 1238 4340 necessario
1263 4273 1405 4340 citandus
1429 4273 1479 4342 vel
1502 4298 1572 4343 mo-

200 4378 334 4461 nendus,
364 4402 435 4446 curn
461 4379 500 4447 de
524 4379 689 4468 praedictis
717 4378 862 4468 probatio
886 4377 942 4446 fuit
967 4390 1107 4466 sumpta,
1136 4401 1239 4468 neque
1267 4381 1470 4462 tumeliam,
1499 4404 1572 4448 cum

201 4508 312 4552 eorum
337 4509 428 4553 causa
451 4485 509 4554 luit
532 4485 734 4567 declaratum,
758 4487 861 4573 ipsum
887 4487 917 4552 in
942 4508 1091 4554 censuras
1115 4484 1339 4552 ecclesiasticas
1364 4485 1520 4554 incidisse.

305 4611 474 4679 Postremo
498 4609 643 4693 dicimus,
666 4607 753 4699 quod
776 4621 897 4677 tantum
923 4609 1024 4690 abest,
1049 4622 1081 4678 ut
1106 4609 1259 4678 Sanctitas
1279 4610 1391 4677 Vestra
1414 4610 1571 4697 praedicta

200 4718 377 4787 inconsulte
402 4729 432 4786 et
455 4717 688 4786 inconsiderate
710 4717 829 4798 fecerit,
853 4714 1127 4805 quemadmodum
1148 4717 1199 4784 isti
1221 4715 1460 4797 calumniantur,
1484 4715 1571 4805 quod

199 4827 303 4913 potius
319 4822 494 4892 verendum
521 4835 577 4906 est,
601 4847 642 4890 ne
658 4825 724 4910 ipsa
748 4824 845 4891 nimia
869 4822 1112 4891 mansuetudine
1136 4835 1168 4891 et
1191 4821 1385 4910 indulgentia
1411 4845 1467 4889 sua
1490 4845 1571 4890 non·

199 4931 274 4999 nihil
304 4931 530 4999 ecclesiasticae
560 4929 740 5018 disciplinae
769 4929 955 5017 dignitatem
985 4929 1153 4998 offenderit
1183 4953 1217 4996 ac
1246 4953 1317 5018 spes
1347 4931 1429 5018 regis
1462 4928 1570 4998 aluerit
