3782 5532
178 351 242 407 1529
260 335 366 406 Ianuar.
1505 315 1540 376 71

174 495 335 564 Giovanni
364 493 394 561 di
419 493 555 561 Saxonia
586 515 680 560 come
704 490 845 558 heretico
870 503 940 572 etc,
970 503 1001 558 et
1024 490 1082 557 che
1105 489 1148 556 lui
1177 512 1257 556 anco
1282 511 1347 555 non
1377 487 1546 556 intendeva

173 600 276 670 molto
301 599 404 690 quelle
427 598 577 689 pratiche,
601 597 659 666 che
676 595 830 664 vorrebbe
855 619 959 664 essere
982 597 1035 685 piri
1050 595 1183 664 risoluto
1208 592 1258 662 del
1281 593 1491 663 fondamento
1516 594 1545 662 di

173 718 281 796 questa
306 729 391 774 cosa.
438 704 462 772 ll
485 703 574 773 detto
599 716 725 771 oratore
754 703 797 792 gli
823 703 953 790 replico,
984 703 1041 771 che
1065 703 1143 790 ogni
1167 702 1266 784 volta,
1296 701 1354 768 che
1378 701 1396 768 li
1423 701 1546 769 elettori

173 825 202 881 et
224 813 293 882 altri
318 814 462 902 principi,
487 812 545 880 che
569 810 769 879 inclinavano
791 832 808 876 a
829 821 937 900 questa
961 832 1035 876 cosa
1060 820 1169 876 contra
1186 808 1302 876 Cesare
1327 819 1359 875 et
1381 807 1402 874 il
1425 830 1458 874 re
1475 808 1547 874 Fer-

173 919 324 1002 dinando,
355 919 585 987 conoscessino
610 917 704 986 havet
727 938 802 984 seco
826 917 914 983 unite
938 927 1047 1005 queste
1072 913 1134 982 due
1157 916 1292 996 Maesta,
1322 913 1456 981 credeva
1479 937 1545 981 non

172 1026 249 1092 seria
280 1023 391 1092 difficil
420 1047 495 1091 cosa
523 1022 562 1090 ad
590 1022 736 1110 eleggere
767 1044 828 1088 una
857 1043 994 1109 persona
1017 1020 1171 1089 catholica
1201 1032 1232 1088 et
1262 1018 1389 1087 indurre
1419 1019 1438 1086 il
1468 1019 1547 1087 duca

173 1131 335 1199 Giovanni
358 1154 375 1197 a
399 1130 594 1197 contentarsi
622 1151 678 1217 per
701 1129 853 1195 interesse
882 1151 952 1211 suo,
982 1147 1012 1195 et
1036 1126 1094 1195 che
1123 1129 1147 1194 si
1171 1125 1324 1215 potrebbe
1353 1125 1501 1214 eleggere
1526 1149 1546 1192 ο

172 1237 189 1304 il
213 1249 312 1305 conte
329 1235 496 1304 Lodovico
513 1235 654 1304 Palatino
678 1234 822 1316 elettore,
847 1233 866 1300 il
891 1233 981 1323 quale
1005 1257 1061 1322 per
1080 1246 1165 1301 certe
1189 1232 1392 1315 concordate,
1418 1232 1546 1322 quando

171 1344 195 1410 si
225 1343 328 1412 elesse
357 1341 584 1426 Maximiliano,
613 1340 766 1431 pretende
797 1341 923 1409 haverci
951 1351 1035 1407 certa
1063 1342 1194 1428 ragione
1224 1352 1254 1408 et
1285 1341 1317 1407 in
1345 1339 1546 1408 Francfordia

172 1449 250 1517 nella
282 1449 440 1518 electione
471 1448 502 1516 di
531 1447 627 1516 Carlo
656 1471 697 1515 ne
725 1448 889 1535 protestb;
921 1469 1021 1514 overo
1052 1448 1078 1513 si
1110 1448 1211 1535 potria
1241 1446 1388 1534 eleggere
1419 1446 1440 1513 il
1468 1445 1548 1515 duca

172 1555 358 1644 Guglielmo
375 1556 406 1622 di
422 1556 561 1636 Baviera,
585 1553 607 1621 il
629 1553 720 1644 quale
739 1557 757 1621 ὲ
776 1555 861 1620 ricco
886 1573 917 1620 et
940 1565 1072 1642 potente
1097 1571 1128 1620 et
1151 1555 1310 1621 contrario
1334 1551 1394 1620 allo
1411 1555 1547 1643 Impera-

171 1674 240 1730 tore
266 1682 298 1729 et
326 1662 354 1728 al
381 1685 416 1727 re
441 1658 651 1742 Ferdinand0,
681 1671 712 1728 et
740 1658 837 1727 havea
865 1658 966 1748 palam
997 1672 1029 1729 et
1055 1659 1178 1748 publice
1206 1670 1346 1748 prestato
1375 1659 1402 1726 al
1430 1683 1489 1727 suo
1513 1683 1547 1728 re

172 1779 266 1836 cento
298 1767 372 1834 mila
396 1767 498 1834 ducati
527 1789 620 1854 sopra
645 1777 729 1833 certe
757 1766 843 1854 gioie
868 1783 900 1832 et
929 1789 970 1832 ne
994 1764 1123 1833 offeriva
1156 1764 1216 1832 deli
1241 1765 1323 1846 altri,
1352 1765 1470 1853 porche
1495 1765 1546 1832 ha·

171 1875 301 1942 vessino
324 1897 433 1961 pegno
449 1871 637 1954 sufficiente,
662 1885 693 1939 et
716 1895 783 1938 non
802 1896 836 1940 se
860 1895 901 1939 ne
924 1871 992 1940 fece
1016 1872 1070 1960 poi
1095 1871 1169 1939 altra
1193 1871 1398 1938 resolutione.
1438 1871 1545 1954 Quelli

172 1978 201 2046 di
225 1980 355 2047 Francia
383 1980 414 2045 in
438 1991 519 2046 tutta
541 1990 650 2068 questa
680 1977 881 2066 expeditione
912 1980 938 2044 si
960 1979 1133 2046 rimetteno
1157 2001 1173 2043 a
1198 1989 1316 2066 quanto
1347 1978 1371 2044 si
1396 1976 1546 2044 risolveri

171 2105 285 2174 questo
309 2108 354 2166 re,
377 2097 409 2153 et
432 2086 464 2151 io
489 2083 597 2166 credo,
626 2083 684 2152 che
708 2086 809 2174 questi
838 2107 955 2151 ancora
978 2083 1196 2150 manderanno
1221 2107 1282 2150 una
1306 2105 1457 2171 persona,
1486 2083 1545 2150 che

171 2191 249 2260 vada
277 2215 340 2258 con
370 2209 483 2281 questo
509 2208 640 2277 oratore
669 2202 700 2257 et
728 2189 833 2279 quello
863 2190 893 2257 di
923 2191 1050 2258 Francia
1080 2213 1103 2256 a·
1120 2189 1266 2258 intendet
1295 2188 1413 2277 meglio
1442 2191 1544 2280 questi

171 2297 365 2380 andamenti,
392 2299 446 2385 poi
470 2295 720 2365 deliberarann0.
765 2297 892 2363 Tamen
917 2295 948 2364 di
971 2307 1090 2386 quanto
1113 2295 1332 2363 risolveranno
1357 2308 1388 2363 et
1410 2295 1543 2382 seguird,

172 2402 248 2472 (lari)
271 2404 416 2471 avlsd.u¹

277 2510 404 2592 Questo
428 2510 523 2577 Rmo.
548 2510 593 2576 mi
622 2508 660 2575 ha
689 2508 788 2591 detto,
818 2509 876 2576 che
904 2508 934 2575 le
953 2532 1037 2576 cose
1067 2508 1098 2576 di
1126 2509 1232 2576 Scotia
1262 2531 1346 2576 sono
1377 2507 1542 2577 accordate

171 2627 202 2683 et
228 2627 401 2704 prorogata
428 2615 456 2682 la
484 2635 609 2703 tregua,
638 2626 669 2683 et
693 2615 751 2682 che
779 2613 851 2704 quel
879 2609 922 2682 re'
942 2613 1140 2682 domandava
1167 2614 1196 2682 la
1224 2613 1341 2703 figliola
1370 2613 1400 2682 di
1429 2627 1542 2704 questo

170 2721 295 2789 Sermo.
319 2744 369 2803 re,
398 2744 415 2787 a
438 2720 496 2788 che
525 2744 592 2787 non
616 2743 735 2810 pareno
759 2718 862 2787 molto
886 2720 1018 2809 disposti
1043 2745 1059 2782 ο
1068 2743 1123 2809 per
1148 2744 1251 2788 essere
1275 2719 1347 2810 quel
1370 2743 1419 2803 re,
1442 2740 1477 2789 ut
1498 2720 1543 2789 di-

169 2839 254 2910 cunt,
279 2826 382 2894 molto
404 2826 486 2894 male
509 2825 674 2894 allevato».
720 2826 756 2892 Io
780 2825 822 2913 gli
846 2825 889 2893 ho
912 2845 1007 2893 tocco
1031 2849 1093 2893 una
1115 2826 1221 2915 parola
1245 2828 1325 2894 circa
1348 2825 1376 2894 la
1400 2849 1474 2894 cosa
1502 2826 1542 2894 de

172 2933 210 3000 »Ἰ
233 2932 314 3001 duca
338 2931 502 3000 d'Albania
526 2943 557 3000 et
579 2943 684 3014 trovo,
709 2932 768 2999 che
791 2954 858 2999 non
883 2933 910 2999 vi
936 2931 1043 2999 hanno
1067 2955 1124 3021 per
1146 2931 1236 3000 alcun
1260 2931 1361 3001 modo
1385 2932 1407 3000 il
1429 2955 1541 3021 capo«.

277 3039 425 3121 »Questo
448 3061 483 3105 re
507 3051 539 3106 et
561 3039 657 3108 Rmo.
682 3038 880 3106 Eboracense
907 3040 1086 3127 persisteno
1110 3041 1143 3106 in
1166 3038 1259 3130 quell’
1284 3025 1459 3128 opinione,
1483 3041 1541 3109 che

168 3146 208 3213 N.
226 3147 364 3234 Signore
388 3147 523 3212 omnino
540 3168 595 3212 sua
618 3146 802 3212 auctoritate
826 3156 858 3213 et
873 3144 931 3213 sub
948 3146 1088 3213 censuris
1113 3144 1223 3212 debbia
1246 3146 1384 3213 indicere
1400 3146 1540 3214 inducias

169 3251 329 3320 biennales
359 3263 390 3320 et
420 3250 531 3319 debbia
553 3251 663 3319 venire
691 3249 718 3318 al
742 3263 904 3319 convento
932 3253 963 3318 in
988 3253 1175 3340 Avignone,
1205 3250 1288 3319 dove
1315 3275 1371 3341 per
1403 3265 1490 3322 ceno
1515 3255 1540 3322 si

168 3358 298 3446 piglierd
321 3359 443 3446 optima
465 3357 662 3426 resolutione
686 3357 714 3424 al
736 3368 830 3440 tutto,
855 3369 886 3426 et
908 3357 929 3425 li
951 3380 1036 3446 pare,
1060 3358 1119 3425 che
1137 3369 1247 3448 questa
1269 3359 1313 3424 sia
1336 3381 1398 3425 una
1420 3358 1540 3447 grande

167 3465 349 3546 occasione,
373 3463 431 3530 che
456 3464 533 3530 hora
556 3464 582 3530 si
605 3462 740 3552 offresce
763 3486 780 3528 a
803 3463 865 3531 Sua
881 3463 1001 3532 Sautita
1024 3461 1056 3531 di
1078 3487 1246 3552 procurare
1270 3463 1298 3530 la
1316 3487 1393 3552 pace
1415 3465 1540 3532 univer·

166 3569 237 3638 sale.
285 3569 328 3637 Se
351 3569 376 3636 si
405 3569 554 3637 inclinari
576 3593 593 3636 a
617 3580 730 3659 questo
761 3581 933 3652 convent0,
962 3592 1024 3638 con
1052 3570 1073 3636 li
1098 3568 1193 3637 debiti
1224 3569 1314 3637 modi
1336 3571 1440 3660 potria
1462 3594 1539 3659 pen-

166 3699 243 3758 sare,
267 3677 295 3744 si
317 3673 403 3743 forse
426 3695 535 3764 questa
554 3677 683 3743 materia
706 3675 948 3760 matrimoniale,
972 3675 1149 3744 havendola
1172 3688 1301 3744 avocata
1324 3701 1341 3744 a
1363 3702 1408 3762 se,
1433 3680 1460 3746 si
1482 3703 1538 3769 po·

167 3801 248 3851 tesse
277 3783 408 3850 relicere
440 3781 480 3849 ad
508 3781 584 3849 illud
615 3792 756 3870 tempus,
787 3782 845 3850 che
876 3781 994 3850 allhora
1023 3783 1052 3851 la
1081 3782 1251 3851 resolveris
1282 3796 1313 3852 et
1342 3786 1367 3852 si
1397 3785 1539 3874 piglieria

167 3887 298 3977 qualche
321 3886 406 3954 bona
430 3886 669 3956 conclusione«.

270 3994 365 4061 Emi
392 4016 466 4082 pare
490 3992 521 4061 di
545 4017 612 4060 non
635 4012 728 4082 poter
752 4016 854 4062 errare
878 3991 1056 4077 scrivend0,
1083 4007 1202 4084 quanto
1227 3998 1259 4063 io
1283 3996 1416 4065 intendo
1441 4010 1471 4066 et
1495 4001 1540 4066 mi

166 4123 202 4167 va
229 4123 288 4189 per
316 4099 343 4166 la
375 4117 499 4184 mente;
538 4099 600 4166 Sua
629 4099 749 4167 Santitd
779 4101 835 4188 poi
865 4123 927 4168 con
956 4099 984 4168 la
1014 4100 1105 4169 solita
1134 4102 1300 4190 prudentia
1330 4103 1540 4172 determinari

166 4206 282 4296 quellO,
308 4206 368 4274 che
391 4207 445 4295 pin
468 4205 498 4273 le
520 4209 628 4294 pareri
652 4205 850 4295 expediente.

270 4313 302 4380 A
325 4331 444 4401 quanto
460 4312 500 4379 V.
518 4312 549 4380 S.
574 4313 617 4379 mi
642 4313 744 4379 scrive
767 4311 817 4380 del
840 4313 948 4380 Balivo
973 4313 1004 4382 di
1023 4315 1136 4384 Roano
1161 4327 1192 4383 et
1216 4315 1256 4384 de
1279 4315 1307 4383 la
1330 4316 1538 4406 dispositione

166 4419 196 4486 di
217 4420 260 4488 N.
285 4418 423 4507 Signore
450 4417 507 4485 alla
536 4418 712 4500 neutraliti,
741 4418 919 4486 dummodo
944 4431 1014 4502 etc,
1042 4432 1125 4489 tutto
1154 4421 1198 4488 ho
1221 4420 1299 4490 fatto
1329 4422 1493 4492 intendere
1517 4449 1535 4491 a

166 4539 273 4615 questa
296 4525 418 4592 Maesti
441 4544 472 4591 et
494 4525 601 4606 Rmo.,
629 4524 649 4591 li
673 4523 756 4614 quali
782 4548 823 4591 ne
846 4537 973 4594 restano
997 4526 1059 4594 ben
1082 4525 1221 4595 satisfatti
1248 4540 1279 4596 et
1302 4551 1447 4616 speran0,
1476 4531 1535 4598 che

167 4679 375 4690 ——-—----

270 4763 279 4793 ¹
298 4754 362 4809 Von
381 4754 482 4808 diesem
501 4753 656 4809 Gesandten
675 4755 709 4809 Za
729 4756 805 4829 olyas
824 4756 932 4830 spricht,
951 4757 1023 4812 ohne
1042 4759 1135 4812 seinen
1154 4759 1259 4813 Namen
1279 4777 1310 4812 zu
1328 4775 1444 4828 nennen,
1469 4763 1538 4816 auch

166 4827 205 4880 ein
222 4827 317 4881 kurzes
336 4825 482 4880 Schreiben
500 4825 619 4880 Rinlrons
638 4842 685 4880 aus
704 4773 826 4894 london,
848 4843 887 4882 11.
907 4827 1012 4898 August
1033 4829 1109 4896 1528,
1134 4829 1177 4883 bei
1194 4829 1300 4896 Molini‚
1321 4829 1484 4886 Documenti
1502 4833 1535 4888 ll.

167 4911 226 4967 1173
254 4905 333 4952 sonst
359 4895 462 4950 scheint
488 4896 530 4950 die
549 4895 757 4951 Gesaudtschaft
783 4898 829 4952 des
854 4898 970 4952 Statilius
995 4899 1093 4970 (vergl.
1117 4900 1253 4967 Bucholtz,
1280 4899 1427 4956 Ferdinand
1455 4903 1474 4958 l.
1501 4903 1538 4958 lll

168 4981 214 5039 194
232 4967 262 5033 l.)
282 4967 408 5022 ziemlich
425 4967 577 5021 unbekannt
595 4968 736 5040 geblieben
755 4986 787 5022 zu
806 4969 871 5023 sein.
