3810 5528
368 287 431 347 14⁸
1586 297 1639 353 Mai
1660 315 1733 368 ¹530·

471 456 555 526 cnm
586 459 618 524 in
641 459 812 546 prohemio
840 473 873 526 et
894 462 975 527 circa
1003 458 1100 527 finem
1128 459 1233 527 brevis
1255 458 1397 526 rideatru
1420 460 1501 547 Papa
1525 457 1619 540 velle,
1646 458 1734 549 quod

366 565 443 632 haec
459 587 550 632 causa
571 567 759 632 terminetur
782 569 866 633 iuxta
882 589 1042 634 canonum
1066 587 1099 633 et
1121 567 1196 632 iuris
1212 565 1466 653 dispositionem,
1490 579 1596 652 aperte
1611 563 1735 632 videtur

365 669 532 738 excludere
554 693 664 758 regern
687 695 707 737 a
728 671 986 740 consideratione
1004 672 1216 758 Theologiae,
1238 696 1256 738 a
1279 695 1339 761 qua
1361 695 1428 738 non
1452 669 1575 738 videtur
1597 673 1674 759 regi,
1698 693 1735 738 se

365 775 479 844 debere
503 775 636 859 excludi,
659 779 844 865 praesertim
868 802 941 845 cum
965 791 1074 865 agatur
1097 777 1137 844 de
1160 777 1361 844 exoneranda
1384 779 1589 858 conscientia,
1612 779 1644 842 in
1667 799 1734 865 quo

364 883 501 948 maxime
525 881 644 950 attendi
668 882 763 951 debet
785 883 978 971 Theologia.

470 987 555 1055 Cum
578 1012 634 1056 rex
657 988 707 1056 vel
729 1002 861 1077 agentes
890 1012 949 1078 pro
973 1013 1014 1056 eo
1042 991 1201 1068 insistant,
1230 1003 1263 1056 ut
1286 988 1459 1056 declaretur
1487 988 1581 1056 licere
1608 989 1736 1079 quibus·

363 1117 489 1183 oroque
516 1094 677 1182 theologis
704 1094 801 1163 libere
828 1095 948 1178 dicere,
975 1095 1052 1185 quid
1080 1098 1114 1162 in
1141 1097 1199 1162 hac
1227 1119 1318 1162 causa
1348 1097 1498 1177 sentiant,
1526 1109 1558 1162 et
1586 1097 1618 1162 in
1645 1095 1736 1163 brevi

363 1202 473 1268 omnia
496 1203 725 1289 restringantur
747 1201 786 1270 ad
803 1225 963 1270 canonum
987 1215 1020 1269 et
1042 1204 1117 1269 iuris
1133 1201 1388 1290 dispositionem,
1411 1199 1534 1269 videtur
1557 1223 1613 1290 per
1628 1203 1735 1291 ipsum

362 1306 458 1374 breve
481 1307 531 1374 vel
554 1306 631 1375 nihil
659 1306 847 1396 dispositum
871 1307 977 1396 quoad
999 1307 1231 1395 Theologiam,
1259 1307 1309 1374 vel
1331 1309 1377 1374 eis
1405 1306 1614 1396 prohibitum,
1642 1330 1676 1374 se
1700 1308 1735 1373 in

364 1413 421 1480 hac
444 1436 536 1480 causa
560 1415 783 1480 intromittere.

468 1519 553 1587 Cum
577 1521 711 1608 petitum
736 1517 843 1600 fuerit,
872 1533 907 1586 ut
929 1521 1099 1609 unicuique
1125 1519 1217 1586 liceat
1243 1519 1340 1586 libere
1367 1519 1487 1600 dicere,
1515 1517 1590 1607 quid
1618 1521 1651 1584 in
1674 1517 1736 1584 hac

363 1647 456 1692 causa
485 1628 614 1707 sentiat,
646 1640 678 1693 et
707 1626 802 1692 breve
831 1624 983 1714 procedat
1013 1628 1174 1714 negative,
1206 1625 1416 1714 principaliter
1445 1623 1568 1692 videtur
1597 1624 1737 1692 intentio

361 1731 464 1798 brevis
487 1754 554 1799 non
578 1755 659 1814 esse,
681 1752 716 1800 ut
739 1731 869 1822 quilibet
891 1734 991 1822 possit
1013 1732 1164 1815 scribere,
1190 1731 1247 1798 sed
1270 1731 1404 1799 limitare
1427 1743 1617 1820 potestatem
1639 1729 1735 1812 illius,

361 1839 415 1927 qui
437 1837 512 1906 velit
535 1838 681 1920 scribere,
705 1851 738 1906 et
761 1840 784 1904 si
810 1838 887 1905 nihil
903 1837 1026 1906 videtur
1049 1840 1212 1928 provisum
1236 1837 1275 1904 ad
1298 1839 1340 1919 id,
1363 1839 1511 1927 petimus,
1535 1849 1568 1904 ut
1591 1860 1634 1903 sc,
1659 1859 1736 1925 pro

360 1942 503 2012 videatur
525 1944 631 2032 quoad
647 1967 715 2026 eos,
739 1946 792 2034 qui
815 1943 922 2033 aliquo
942 1965 1086 2032 respectu
1109 1945 1232 2012 nollent
1255 1944 1305 2010 vel
1328 1967 1394 2011 non
1411 1943 1563 2011 auderent
1585 1942 1735 2010 seribere.

361 2049 446 2117 Cum
462 2051 607 2118 Venetiis
634 2051 727 2139 aliqui
755 2049 871 2118 fuerint
898 2052 999 2118 coacti
1028 2048 1231 2131 comburere,
1259 2049 1346 2139 quod
1374 2052 1406 2116 in
1431 2050 1488 2116 hac
1517 2071 1608 2116 causa
1636 2050 1736 2136 scrip

258 2239 264 2252 ·
360 2167 475 2238 serant,
500 2169 532 2224 et
548 2156 677 2224 ulterius
700 2156 850 2245 prohibiti
873 2155 1000 2238 hrerint,
1023 2156 1063 2224 de
1079 2175 1187 2224 cetero
1210 2158 1243 2222 in
1263 2157 1321 2222 hac
1344 2179 1435 2222 causa
1458 2178 1492 2222 se
1508 2157 1735 2236 intromittere,

360 2284 427 2330 non
450 2261 575 2330 videtur
602 2262 713 2345 breve,
742 2262 781 2329 de
804 2285 869 2352 quo
892 2264 1005 2350 agitur,
1033 2261 1210 2330 satisfacere
1233 2263 1380 2350 petitioni
1404 2273 1546 2342 nostrae,
1570 2283 1649 2350 quae
1675 2281 1735 2343 est,

361 2389 395 2436 ut
422 2367 481 2436 illis
510 2367 696 2450 declaretur,
724 2371 841 2436 mentis
869 2369 1001 2436 Beatmi.
1026 2369 1066 2436 D.
1091 2368 1132 2436 N.
1157 2392 1240 2450 esse,
1269 2379 1303 2436 ut
1331 2369 1544 2456 unusquisque
1574 2369 1676 2455 possit
1704 2381 1736 2434 et

361 2474 474 2544 debeat
497 2473 601 2543 dicere
625 2497 683 2563 pro
707 2477 849 2557 veritate,
872 2474 948 2563 quid
971 2476 1004 2541 in
1027 2475 1085 2542 hac
1109 2497 1200 2542 causa
1223 2476 1346 2542 sentiat.

466 2580 550 2649 Cum
581 2583 613 2647 in
637 2579 724 2648 brevi
752 2579 807 2649 fiat
830 2603 976 2669 expressa
1004 2581 1128 2649 mentio
1156 2580 1196 2648 de
1224 2578 1399 2660 advocatis,
1429 2577 1553 2646 videtur
1582 2580 1650 2666 regi
1682 2602 1736 2646 ex-

361 2710 466 2776 presse
494 2687 670 2775 prohiberi,
700 2687 787 2776 quod
815 2685 965 2754 omnibus
994 2685 1180 2754 conceditur
1206 2685 1256 2754 vel
1283 2685 1393 2753 saltem
1422 2683 1593 2766 tolleretur,
1625 2696 1660 2753 ut
1690 2708 1734 2752 sc.

360 2795 483 2881 possint
511 2796 556 2861 uti
580 2792 736 2882 suffragiis
764 2793 993 2860 advocatorum
1021 2791 1117 2860 libere
1145 2794 1177 2858 in
1207 2815 1318 2859 eorum
1348 2792 1463 2874 causis;
1496 2791 1616 2856 nemini
1645 2794 1735 2858 enim

360 2900 507 2988 prohibet
530 2899 675 2968 Romana
699 2901 783 2966 curia
806 2901 851 2966 uti
874 2899 1025 2986 suffragio
1048 2897 1276 2966 advocatorum
1303 2900 1335 2964 in
1360 2897 1459 2964 causis
1482 2899 1556 2978 suiS,
1586 2899 1683 2964 etiam
1709 2901 1736 2965 si

360 3028 427 3074 non
452 3005 558 3074 foveat
580 3005 747 3088 iustitiam,
780 3017 849 3072 esto
872 3007 992 3095 itaque,
1022 3004 1109 3094 quod
1132 3028 1187 3071 rex
1211 3028 1278 3072 non
1306 3003 1429 3071 foveret
1451 3003 1615 3085 iustitiam,
1644 3005 1737 3072 cuius

361 3113 554 3179 contrarium
579 3111 715 3178 omnino
743 3111 958 3199 praetenditur
987 3123 1019 3179 et
1041 3109 1129 3200 quod
1158 3133 1225 3178 non
1249 3123 1355 3199 potest
1383 3133 1467 3176 nunc
1491 3108 1530 3177 de
1553 3131 1630 3196 rege
1655 3109 1737 3178 iudi·

361 3218 434 3299 cari,
458 3240 530 3284 cum
555 3218 620 3284 iura
643 3241 697 3284 sua
720 3215 823 3284 adhuc
846 3240 913 3283 non
937 3216 1127 3305 allegaverit,
1150 3216 1262 3306 quibus
1285 3214 1367 3283 lorte
1390 3215 1422 3282 S.
1446 3215 1487 3282 D.
1506 3215 1547 3282 N.
1572 3215 1605 3281 in
1628 3235 1737 3304 partes

361 3346 432 3390 suas
456 3321 666 3406 induceretur,
696 3345 791 3412 quare
820 3322 1024 3413 illaqueantur
1048 3323 1188 3390 censuris
1216 3324 1264 3389 sui
1293 3321 1452 3403 advocati,
1481 3321 1579 3389 etsie
1609 3322 1641 3388 in
1671 3321 1738 3390 hoc

360 3428 526 3497 deterioris
551 3441 598 3496 est
621 3427 815 3497 conditionis
839 3427 901 3495 Sua
921 3429 1080 3510 Maiestas,
1103 3452 1199 3518 quam
1222 3427 1351 3517 quilibet
1374 3429 1511 3516 privatus
1534 3429 1628 3494 etiam
1652 3427 1736 3495 vilis.

360 3535 447 3602 Idem
473 3547 504 3602 et
527 3534 629 3602 multo
654 3534 766 3602 fortius
790 3534 902 3603 dicitur
926 3534 966 3602 de
988 3535 1128 3623 generali
1152 3533 1381 3622 prohibitione,
1409 3556 1489 3622 quae
1512 3535 1545 3600 in
1569 3533 1656 3601 brevi
1682 3535 1738 3603 ha-

359 3641 468 3723 betur;
500 3643 544 3708 sic
576 3642 662 3707 enim
690 3639 819 3730 quilibet
847 3640 974 3708 alicuius
1005 3642 1153 3728 principis
1186 3641 1329 3708 minister
1356 3639 1576 3728 prohiberetur
1607 3662 1663 3727 per
1688 3643 1738 3707 in-

360 3745 531 3827 directum,
561 3746 670 3814 fovere
694 3769 818 3813 causam
848 3747 895 3813 sui
918 3748 1077 3835 principis,
1106 3745 1193 3835 quod
1221 3747 1372 3814 hactenus
1402 3747 1433 3812 in
1465 3745 1523 3812 hac
1551 3747 1668 3827 curia,¹
1704 3748 1738 3813 in

360 3875 419 3940 qua
437 3849 561 3918 cuilibet
578 3853 706 3936 oratori,
731 3854 939 3940 procuratori,
962 3853 1155 3920 sollicitatori
1176 3865 1207 3919 et
1224 3850 1348 3919 cuilibet
1367 3851 1452 3918 alteri
1469 3873 1595 3938 semper
1610 3850 1737 3919 licitum

362 3955 473 4046 (erat),
498 3980 556 4045 pro
580 3957 726 4025 Domino
750 3981 809 4024 suo
834 3958 929 4026 libere
953 3981 1047 4046 agere
1070 3959 1153 4026 nulla
1176 3958 1279 4025 habita
1303 3956 1573 4039 consideratione,
1600 3980 1641 4023 an
1665 3957 1738 4024 Do

362 4063 466 4129 minus
495 4087 569 4130 suus
593 4063 698 4132 foveat
726 4065 838 4131 iustam
864 4088 988 4132 causam
1012 4064 1062 4132 vel
1085 4088 1168 4146 non,
1200 4088 1274 4132 cum
1297 4087 1365 4132 non
1387 4076 1508 4152 spectet
1530 4061 1569 4130 ad
1592 4087 1738 4146 servum,

362 4167 416 4234 has
440 4167 711 4236 considerationes
735 4168 849 4237 habere
873 4183 926 4239 aut
949 4169 1131 4238 huiusmodi
1156 4170 1377 4238 distinctiones
1399 4168 1512 4238 facere.

466 4275 549 4342 Cum
580 4274 675 4342 breve
707 4277 746 4342 sit
777 4274 932 4343 directum
965 4277 1118 4344 universis
1149 4289 1180 4345 et
1212 4275 1342 4364 singulis
1373 4277 1407 4342 in
1439 4299 1542 4365 eoque
1576 4289 1739 4360 caveatur,

361 4378 447 4466 quod
471 4378 562 4448 detur
585 4379 664 4448 fides
686 4382 901 4469 transumptis,
931 4395 961 4449 et
984 4383 1028 4448 sic
1052 4383 1220 4450 verisimile
1243 4394 1439 4469 transumpta
1462 4380 1645 4448 huiusmodi
1670 4384 1739 4450 sint

362 4484 509 4552 omnibus
538 4484 722 4572 publicanda
750 4504 780 4554 et
804 4486 971 4574 parietibus
1000 4486 1173 4575 affigenda,
1196 4487 1320 4555 videtur
1342 4488 1457 4554 honori
1488 4489 1569 4574 regis
1598 4486 1738 4571 detrahi,

362 4589 387 4655 si
410 4612 600 4680 quoeunque
629 4603 790 4678 praetextu
815 4617 935 4660 nomen
961 4617 1052 4660 suum
1077 4593 1245 4682 parietibus
1268 4592 1421 4681 affigatur,
1449 4593 1632 4680 praesertim
1658 4617 1737 4661 curn

362 4693 466 4782 quoad
490 4708 610 4782 partem
635 4719 722 4763 suam
747 4695 889 4766 videatur
912 4699 1006 4766 breve
1031 4723 1155 4767 causam
1179 4701 1260 4768 hanc
1283 4723 1421 4787 gravare.

404 4847 568 4856 --—.-—-.-„

471 4929 476 4957 ¹
497 4921 572 4975 littra
592 4941 622 4974 au
642 4929 786 4993 ergdnaen:
807 4929 906 4980 nemini
926 4929 1087 4998 prohibitum
1106 4929 1161 4984 fuit.
