3782 5532
345 332 405 394 102
1555 342 1617 414 Juni
1638 355 1714 412 1529.

342 505 578 594 religiosissima
608 519 640 574 et
669 505 708 575 de
732 504 853 576 infinita
876 507 1024 596 patientia
1056 506 1088 574 in
1111 518 1221 596 questa
1242 504 1459 584 tribulatione,
1490 526 1548 591 pur
1571 525 1589 568 a
1611 501 1713 590 questi

342 612 436 679 cenni
460 611 499 680 de
523 611 697 701 religione¹
721 636 787 679 non
804 637 837 680 se
854 627 978 681 accosta
1001 627 1112 702 punto.
1152 614 1201 679 Ha
1223 635 1279 701 per
1298 634 1375 700 gran
1399 609 1607 677 sollevatione
1623 606 1662 675 de
1686 605 1715 674 la

341 730 450 786 mente
473 741 529 786 sua
552 732 583 788 et
606 742 662 807 per
685 717 772 786 buon
796 718 1004 788 fundamento
1029 718 1108 788 della
1130 742 1187 787 sua
1209 720 1325 788 iustitia
1347 728 1476 806 questo,
1505 716 1564 783 che
1587 713 1625 782 ab
1649 737 1714 780 am-

340 822 481 912 plexibus
504 826 598 913 primi
621 826 679 891 viri
702 827 868 893 accesserit
891 827 982 913 virgo
1007 837 1038 893 et
1061 827 1242 916 incorrupta
1264 823 1304 892 ad
1327 823 1417 891 huius
1441 821 1714 901 coniunctionem,

340 930 427 1019 quod
450 943 614 1018 persancte
637 933 716 999 iurat
739 945 832 1020 atque
856 931 934 999 olim
957 930 1034 999 dixit
1058 945 1089 999 et
1110 931 1182 1000 tutt'
1207 930 1285 1000 hora
1308 928 1377 998 dice
1401 941 1434 997 et
1455 926 1595 1008 afferma,
1620 927 1715 993 etiam

340 1037 399 1124 ipsi
421 1040 498 1125 regi.
546 1039 638 1120 Quae
662 1063 712 1106 res
736 1062 820 1128 pare,
845 1039 904 1107 che
927 1039 1023 1109 faccia
1046 1028 1177 1129 qualche
1200 1059 1316 1126 scrupo
1340 1060 1357 1103 a
1380 1035 1443 1102 Sua
1465 1033 1596 1102 Maesta.
1643 1033 1716 1098 Par-

339 1141 466 1210 tendosi
488 1141 528 1211 da
550 1167 603 1212 me
626 1143 739 1214 andete
762 1169 780 1212 a
803 1169 845 1212 un
869 1169 928 1213 suo
952 1144 1178 1234 allogiarnento
1202 1145 1256 1234 qui
1286 1145 1319 1210 in
1342 1139 1470 1209 Londsa
1493 1153 1525 1208 et
1552 1138 1573 1206 ll
1595 1137 1628 1206 fu
1651 1161 1717 1206 con

339 1247 360 1314 li
383 1249 454 1316 suoi
478 1249 673 1338 consiglieri;
711 1254 752 1318 ne
775 1249 854 1318 altro
888 1249 919 1318 di
943 1253 996 1339 poi
1028 1249 1096 1318 fino
1119 1274 1137 1318 a
1159 1249 1260 1340 quest’
1284 1249 1362 1316 hora
1386 1251 1403 1314 ὲ
1427 1268 1576 1314 successo
1607 1247 1648 1312 ne
1672 1243 1717 1311 ho

340 1353 454 1422 intes0.

444 1459 489 1526 Le
518 1457 628 1528 lettere
657 1458 687 1527 di
710 1461 751 1528 V.
775 1462 921 1550 Signoria
949 1461 980 1531 di
1003 1463 1067 1530 XV
1091 1463 1251 1550 capitaron
1275 1462 1329 1550 qui
1352 1457 1402 1526 alli
1422 1457 1493 1540 Vll,
1520 1454 1718 1526 mandatemi

340 1563 389 1631 dal
412 1563 507 1633 Rm0.
531 1563 745 1649 Eboracense,
774 1579 807 1635 et
829 1567 873 1634 mi
901 1590 984 1634 sono
1009 1567 1236 1656 maravigliato,
1266 1589 1360 1634 come
1384 1566 1475 1632 sieno
1499 1574 1617 1631 venute
1648 1565 1718 1630 cosl

340 1669 408 1737 sole
437 1685 469 1738 et
491 1694 585 1738 senza
611 1671 703 1740 alcun
731 1672 882 1742 indirizzo
909 1673 960 1742 del
986 1675 1081 1742 Rm0.
1105 1675 1226 1762 Legato
1255 1675 1288 1739 in
1309 1672 1454 1752 Francia,
1483 1667 1591 1738 donde
1620 1666 1718 1735 hiron

340 1775 486 1846 mandate
495 1783 515 1846 ².
562 1778 656 1848 Letto
681 1776 806 1867 ilparer
829 1778 900 1847 loro
924 1778 1119 1868 parendome
1143 1779 1253 1848 buono
1277 1792 1309 1846 et
1332 1778 1364 1844 in
1380 1777 1549 1866 proposito
1572 1773 1605 1841 lo
1625 1795 1717 1842 com·

339 1883 477 1950 municai
505 1881 556 1954 col
579 1883 674 1951 Rm0.
698 1882 799 1972 peril
827 1887 893 1952 mio
917 1887 1086 1954 secretario
1115 1897 1146 1952 et
1169 1908 1232 1954 con
1259 1884 1288 1953 la
1310 1884 1432 1952 Maesta
1455 1881 1506 1950 del
1529 1904 1580 1963 re,
1608 1880 1717 1947 ch'era

338 1989 368 2054 in
386 1989 632 2080 Amptoncorte,
657 2002 689 2059 et
705 1989 783 2058 hora
806 2003 837 2058 et
856 1993 957 2079 prima
981 2015 1048 2058 non
1071 2015 1132 2060 son
1151 2003 1298 2060 mancato
1322 1989 1353 2057 di
1378 2011 1547 2058 occorrere
1563 2011 1581 2054 a
1596 1984 1717 2076 quelle,

339 2095 398 2162 che
421 2093 655 2164 sinistramente
678 2095 842 2164 havevano
866 2098 975 2165 scritto
998 2097 1156 2166 lioratori
1178 2096 1207 2164 la
1228 2098 1330 2186 prima
1346 2095 1443 2179 volta,
1466 2091 1595 2184 quando
1619 2091 1717 2158 furon

339 2202 433 2283 citati,
457 2211 489 2267 et
511 2223 529 2266 a
551 2199 667 2288 quell0,
692 2201 750 2268 che
765 2203 820 2290 poi
844 2202 1011 2271 havessino
1034 2215 1168 2291 possuto
1183 2202 1336 2292 {scrivere
1360 2214 1393 2272 et
1416 2200 1493 2270 holli
1517 2198 1585 2268 fatti
1608 2197 1718 2285 capaci

338 2308 427 2389 tutti,
457 2305 515 2376 che
538 2329 595 2394 per
619 2309 696 2376 niun
724 2307 824 2378 modo
848 2308 911 2376 Sua
934 2309 1054 2380 Santitl
1080 2320 1197 2397 poteva
1225 2313 1266 2376 ne
1294 2308 1417 2377 doveva
1440 2319 1529 2376 vetar
1559 2304 1619 2372 che
1647 2325 1720 2370 non

338 2412 495 2482 lacessino
519 2411 624 2502 quello
649 2413 808 2482 ch'hanno
831 2411 910 2482 fatto
935 2416 1036 2504 questi
1059 2414 1199 2498 Cesarei,
1222 2426 1313 2482 tanto
1336 2413 1396 2484 che
1420 2411 1524 2482 alcuni
1549 2410 1588 2480 de
1612 2411 1719 2499 questi

340 2519 441 2588 nostri
470 2518 523 2607 qui
547 2517 748 2601 confessano,
779 2519 837 2587 che
860 2523 902 2588 nb
925 2519 945 2586 il
968 2545 1002 2588 re
1030 2519 1208 2588 medesimo
1232 2521 1263 2588 in
1288 2532 1402 2610 questo
1433 2541 1536 2608 regno
1560 2514 1719 2606 potrebbe

339 2623 500 2712 prohibite
523 2648 566 2692 un
590 2623 673 2694 simil
696 2637 763 2694 atto
787 2624 818 2692 di
842 2627 966 2694 iustitia.
1013 2615 1150 2709 Evero,
1175 2626 1233 2694 che
1256 2648 1411 2714 pensan0,
1435 2624 1494 2692 che
1518 2624 1582 2692 Sua
1596 2623 1722 2692 Santita

340 2753 406 2797 non
435 2731 480 2798 sia
503 2752 559 2822 per
582 2731 708 2819 signare
735 2730 763 2798 la
786 2733 1031 2815 commissione,
1061 2735 1101 2799 ne
1124 2755 1180 2820 per
1203 2754 1336 2800 avocare
1358 2729 1389 2800 la
1412 2753 1504 2802 causa
1528 2741 1560 2798 et
1582 2730 1662 2818 perb
1688 2726 1723 2796 di

340 2839 402 2926 qul
423 2835 521 2906 fanno
545 2838 623 2924 ogni
646 2837 804 2920 instantia,
828 2838 886 2906 che
910 2839 936 2906 si
959 2837 1097 2926 proceda
1121 2851 1152 2905 et
1176 2836 1352 2926 expedisca.

447 2941 518 3012 Che
534 2941 691 3031 consiglio
708 2942 818 3012 habbia
840 2942 971 3012 lareina
993 2944 1026 3010 in
1043 2954 1152 3033 questa
1167 2944 1411 3032 comparitione,
1435 2964 1503 3008 non
1519 2965 1553 3008 se
1576 2939 1722 3022 intende,

341 3049 419 3136 perd
443 3047 545 3115 alcuni
573 3049 711 3117 stimano
736 3047 794 3116 che
818 3047 985 3117 declinabit
1010 3048 1134 3132 locum,
1162 3047 1264 3117 alcuni
1280 3047 1417 3140 iudices,
1445 3045 1549 3116 alcuni
1573 3045 1663 3114 l'uno
1690 3058 1725 3114 et

341 3150 454 3235 l’altr0,
477 3152 546 3221 altri
562 3151 621 3220 che
645 3176 713 3221 non
729 3155 915 3242 comparird,
938 3153 1007 3224 altri
1030 3154 1088 3222 che
1111 3154 1269 3244 allegherd
1291 3153 1497 3242 pendentium
1520 3151 1583 3222 litis
1600 3175 1621 3218 o
1638 3150 1723 3222 altro

341 3281 490 3347 gravame
519 3271 550 3326 et
572 3257 815 3346 impedimento,
844 3271 875 3328 et
897 3258 943 3328 fra
970 3273 1018 3327 tre
1041 3262 1146 3346 giorni
1170 3285 1211 3328 ne
1235 3282 1360 3327 saremo
1384 3258 1490 3328 chiari.
1537 3258 1575 3324 Io
1599 3280 1668 3326 non
1694 3259 1725 3326 ci

342 3365 492 3432 mancarb
516 3388 579 3432 con
602 3377 686 3433 tutto
710 3363 874 3454 l'ingegno
898 3367 965 3433 mio
988 3389 1044 3454 per
1067 3367 1192 3454 seguire
1214 3365 1329 3455 quello,
1354 3365 1439 3433 ch'io
1463 3387 1609 3434 conosco
1633 3387 1725 3434 esser

342 3461 490 3539 l'honore
513 3470 553 3539 de
574 3471 604 3538 la
627 3471 742 3540 iustitia
770 3470 801 3539 di
825 3491 935 3561 questa
962 3483 1049 3542 santa
1072 3471 1153 3540 Sede
1178 3483 1209 3540 et
1232 3470 1263 3542 di
1286 3470 1349 3540 Sua
1372 3471 1509 3552 Santitl,
1539 3470 1664 3540 benche
1690 3471 1726 3538 in

342 3589 456 3666 questo
485 3589 566 3647 stato
590 3579 635 3644 sia
658 3578 737 3646 assai
764 3576 918 3665 impedito
942 3576 993 3645 del
1016 3600 1115 3666 corpo
1144 3590 1177 3646 et
1199 3576 1249 3646 del
1276 3579 1396 3660 anime,
1424 3589 1457 3644 et
1480 3577 1540 3644 che
1569 3599 1726 3665 appresso

342 3681 441 3752 l’altre
464 3681 692 3771 perturbationi
720 3683 812 3752 activi
835 3695 958 3772 questa,
987 3683 1045 3752 che
1069 3687 1147 3752 costl
1172 3707 1193 3750 o
1217 3705 1285 3750 non
1313 3682 1358 3750 sia
1381 3682 1540 3752 memoria
1563 3681 1596 3750 di
1622 3706 1677 3750 me
1703 3705 1726 3752 o

343 3789 369 3854 si
393 3789 482 3876 pensi
499 3788 582 3855 ch’io
606 3811 701 3876 possa
723 3789 831 3855 vivere
861 3786 955 3856 d'aria
984 3811 1004 3855 0
1029 3787 1067 3857 de
1097 3787 1126 3855 le
1149 3787 1261 3856 facultl
1284 3788 1343 3857 che
1367 3789 1412 3854 mi
1443 3789 1598 3857 avanzarb
1612 3809 1670 3854 1ne
1695 3787 1726 3856 le

345 3893 486 3962 calamita
514 3893 545 3961 di
568 3893 701 3962 Romal.
747 3891 772 3958 Il
795 3891 921 3980 miglior
946 3906 977 3959 et
999 3891 1020 3958 il
1047 3894 1100 3981 piu
1124 3892 1204 3960 duro
1227 3895 1314 3961 azaio
1338 3893 1397 3962 che
1421 3895 1467 3962 sia
1489 3917 1558 3960 non
1576 3894 1678 3980 ¹regie
1704 3917 1726 3960 o

345 4000 422 4067 dura
444 4000 497 4087 pila
521 3999 580 4066 che
602 4000 678 4088 pub,
706 4001 748 4065 nb
771 4001 803 4065 io
826 4019 924 4086 posso
947 3996 1012 4065 fare
1034 3998 1220 4067 altramente
1244 4011 1276 4066 et
1298 4022 1381 4066 sono
1405 4001 1458 4086 gil
1481 4023 1518 4068 su
1541 3997 1726 4070 l’exttemo.

345 4104 494 4194 Supplico
520 4105 558 4171 V.
588 4103 631 4185 S,
660 4102 718 4171 che
747 4126 764 4169 a
790 4115 904 4192 questo
932 4101 1029 4172 faccia
1058 4104 1189 4194 qualche
1216 4105 1286 4172 viva
1318 4116 1349 4172 et
1379 4116 1493 4192 pronta
1524 4106 1728 4193 provisione,

345 4209 513 4278 acciocche
537 4209 567 4278 di
591 4207 669 4277 fatto
694 4231 761 4277 non
785 4208 860 4277 cada
882 4209 914 4276 in
930 4207 1062 4298 qualche
1085 4232 1162 4296 gran
1187 4209 1348 4281 disordine
1365 4234 1385 4277 ο
1403 4209 1579 4281 dishonore
1603 4210 1728 4280 indebi-

345 4313 490 4385 tandomi
515 4326 546 4383 et
569 4313 792 4396 mendicando,
816 4336 876 4382 ove
901 4337 968 4386 non
992 4313 1136 4402 bisogna.

346 4460 556 4469 ——--

454 4544 611 4599 ¹Eintritt'
604 4561 631 4596 m
651 4542 727 4596 einen
747 4541 848 4596 Orden.
885 4542 910 4595 S.
931 4543 1047 4598 obenS.
1070 4557 1109 4612 55.

454 4615 508 4668 ².S
528 4613 569 4667 die
589 4613 792 4696 Bemerkungen
812 4629 855 4666 am
874 4611 998 4666 Schlusse
1017 4611 1104 4666 dieses
1124 4613 1241 4667 Stuckes.

454 4685 529 4738 =oei
553 4682 614 4736 dem
638 4683 722 4736 Sacco
746 4681 772 4734 di
796 4681 942 4735 Romaim
965 4682 1180 4752 Mai1527war
1204 4685 1272 4737 auch
1296 4684 1343 4738 der
1366 4685 1477 4756 heutige
1501 4687 1591 4740 Palast
1610 4687 1728 4743 Giraud-

347 4755 501 4809 Torlonia'
494 4771 531 4810 ιιιι
545 4754 635 4808 Boro
654 4768 752 4818 nuovo,
772 4768 825 4804 von
844 4751 984 4806 Bramante
1002 4751 1044 4806 flu
1061 4751 1113 4807 den
1132 4753 1256 4807 Kardinal
1276 4754 1392 4810 Hadrian
1411 4772 1466 4810 von
1480 4755 1603 4814 Corneto
1622 4760 1727 4826 erbaut,

347 4825 470 4878 welchen
489 4769 635 4878 Heinrich
629 4822 700 4875 Vlll
719 4821 781 4875 dem
800 4820 878 4876 Kard.
899 4821 1001 4892 Campe
1023 4823 1069 4894 gio
1091 4840 1136 4877 aus
1155 4823 1247 4877 Anlass
1235 4841 1320 4879 svon
1340 4824 1439 4880 dessen
1452 4835 1544 4882 erster
1563 4805 1727 4900 Legationss

347 4891 1000 5014 reisenachEngland'erJahre1518{esche
1028 4893 1137 4959 thane,
1157 4893 1279 4964 ganzlich
1298 4897 1459 4966 ausgeraubt
1478 4897 1600 4953 worden.
1631 4899 1726 4973 Vergl.

348 4964 481 5037 Sigonius,
500 4963 542 5020 De
562 4963 615 5018 vita
633 4961 709 5018 Laur.
729 4960 878 5032 Campegii,
919 4979 1035 5018 onomae
1056 4963 1130 5031 1581,
1149 4980 1174 5034 p.
1194 4963 1272 5029 46u.
1292 4965 1335 5038 63.
