3810 5528
360 293 402 361 36
1555 302 1629 378 April
1652 301 1725 372 1528.

360 469 565 558 reprobamus
588 493 624 538 ac
642 472 830 559 generaliter
852 474 1091 563 quibuscunque
1115 469 1393 540 constitutionibus
1415 470 1447 536 in
1467 465 1607 534 conciliis
1630 484 1728 550 gene-

359 576 482 658 ralibus,
510 576 712 666 synodalibus
741 592 792 647 aut
821 579 1062 668 provincialibus
1087 578 1188 660 editis,
1218 579 1338 652 etiamsi
1367 574 1405 642 ad
1433 575 1507 641 iuris
1529 571 1626 638 divini
1650 567 1727 634 rela-

359 685 520 750 xationem
545 685 611 752 sive
633 684 857 754 limitationem
882 687 1215 774 interpretationemve
1238 684 1396 772 pertinere
1421 682 1500 747 hanc
1521 675 1728 766 dispensatio-

360 813 433 858 nem
451 789 615 858 obiiciatur
638 810 669 858 et
692 790 844 878 allegetur
860 815 996 882 vereque
1019 793 1176 880 pertinere
1201 790 1361 868 doceatur,
1386 800 1417 854 et
1433 786 1544 853 ceteris
1563 780 1727 850 contrariis

359 919 425 962 uon
457 895 653 964 obstantibus
684 896 931 988 quibuscunque.
978 899 1299 966 Excommunicamus
1326 914 1432 962 autem
1456 904 1487 960 et
1510 887 1729 957 excommuni-

358 1013 445 1070 catos
470 1001 697 1070 denunciamus
725 1027 840 1071 omnes
870 1003 940 1071 illos
964 1017 994 1072 et
1018 1003 1161 1092 singulos
1189 1005 1403 1090 cuiuscunque
1426 995 1618 1066 conditionis
1642 1014 1729 1081 prae-

358 1109 549 1176 eminentiae
573 1121 626 1176 aut
649 1106 808 1196 dignitatis
832 1111 976 1192 existant,
1000 1111 1179 1200 quicunque
1202 1107 1320 1176 directe
1344 1125 1395 1174 aut
1418 1102 1582 1182 indirecte,
1606 1109 1729 1167 secrete

327 1220 332 1228 '
358 1228 411 1282 aut
433 1227 539 1302 aperte
563 1217 803 1282 matrimonium
828 1239 884 1304 per
905 1230 937 1284 te
961 1216 1215 1284 contrahendum
1243 1213 1406 1303 prolemve
1430 1234 1467 1277 ex
1493 1207 1608 1276 eodem
1634 1205 1730 1272 susci-

357 1319 506 1408 piendam
535 1322 649 1410 apertis
677 1320 852 1411 obliquisve
881 1321 994 1390 mediis
1023 1333 1133 1390 contra
1161 1338 1360 1410 praesentem
1388 1317 1489 1383 nostri
1518 1313 1636 1382 decreti
1664 1311 1730 1376 sive

358 1423 601 1515 dispensationis
628 1430 776 1515 paginam
804 1431 972 1517 impetere,
1001 1431 1202 1517 impugnare,
1231 1423 1410 1495 convellere
1437 1435 1491 1490 aut
1514 1416 1730 1488 contradicere

357 1534 625 1621 praesumpserint
648 1533 927 1621 impetentibusve,
952 1533 1209 1623 impugnantibus
1232 1544 1284 1600 aut
1308 1526 1594 1598 contradicentibus
1620 1521 1731 1602 verbo,

356 1637 491 1704 consilio
515 1656 567 1706 aut
596 1637 703 1706 favore
726 1643 947 1708 consenserint
976 1653 1028 1708 aut
1051 1641 1241 1707 assenserint
1269 1635 1436 1703 illorumve
1460 1630 1730 1699 machinationem

356 1755 408 1810 aut
439 1744 594 1812 molimen
624 1764 687 1812 tam
713 1747 913 1813 temerarium
939 1760 971 1814 ot
994 1744 1213 1814 detestandum
1244 1764 1302 1831 pro
1326 1741 1405 1808 virili
1428 1762 1494 1806 non
1518 1734 1732 1825 impedierint,

356 1871 466 1916 ausum
491 1848 627 1939 denique
651 1863 682 1918 et
698 1864 848 1920 conatum
873 1871 937 1918 tam
962 1851 1115 1920 nefarium
1140 1848 1244 1917 modis
1269 1845 1418 1914 omnibus
1441 1845 1614 1932 reprimere
1637 1853 1732 1928 atque

357 1956 541 2042 extinguere
569 1955 653 2023 bona
681 1955 743 2024 fide
768 1971 860 2025 etex
885 1959 992 2024 animo
1024 1977 1192 2046 postquam
1216 1955 1255 2022 de
1280 1955 1341 2020 hoc
1370 1965 1482 2019 nostro
1506 1949 1636 2017 decreto
1666 1949 1733 2013 sive

357 2059 592 2148 dispensatione
615 2061 730 2130 fuerint
754 2065 927 2144 certiorati,
952 2087 1018 2130 non
1043 2062 1261 2142 laboraverint,
1289 2082 1370 2148 quos
1394 2079 1510 2125 omnes
1534 2066 1566 2122 et
1587 2051 1733 2140 singulos

356 2169 461 2234 statim
485 2166 570 2234 velut
592 2169 731 2254 praecisa
753 2167 791 2235 ab
816 2167 946 2236 ecclesia
969 2170 1031 2236 Dei
1055 2168 1196 2236 membra
1224 2178 1317 2254 atque
1341 2164 1475 2246 abiecta,
1505 2159 1655 2228 ulteriore
1680 2157 1734 2224 de-

357 2273 556 2340 nuntiatione
585 2295 650 2340 non
682 2287 842 2362 expectata
870 2275 985 2363 ubique
1015 2287 1046 2342 et
1068 2274 1106 2341 ab
1130 2273 1279 2340 omnibus
1302 2270 1451 2338 volumus
1481 2268 1599 2336 evitari.
1646 2261 1732 2330 Nulli

357 2399 435 2465 ergo
459 2391 518 2446 etc.
543 2390 670 2446 nostrae
698 2381 977 2466 pronuntiationis,
1002 2378 1231 2460 declarationis,
1255 2376 1483 2464 derogationis,
1512 2371 1733 2448 absolutionis,

357 2482 600 2571 dispensationis
624 2497 656 2552 et
679 2483 796 2552 decreti
820 2485 991 2572 infringere
1015 2498 1074 2553 etc.
1121 2485 1153 2551 Si
1177 2485 1245 2573 quis
1270 2497 1329 2551 etc.

462 2608 580 2674 Datum
605 2609 636 2673 in
657 2607 842 2676 Urbeveteri
866 2631 951 2674 anno
974 2621 1033 2676 etc.
1059 2610 1150 2692 1528.
1186 2606 1291 2674 Idibus
1313 2605 1429 2693 Aprilis
1452 2625 1538 2670 anno
1562 2603 1688 2690 quinto.

1454 2745 1486 2812 B.
1511 2743 1626 2810 Motta.

566 2904 644 2959 Instr.
670 2905 745 2960 Misc.
765 2906 839 2960 Arm.
865 2906 909 2961 XI.
935 2923 1006 2977 caps.
1030 2921 1068 2972 10,
1094 2923 1111 2958 n
1134 2921 1154 2972 5.
1192 2904 1387 2973 Gleichzeitige
1406 2903 1501 2973 Kopie.
1539 2898 1662 2954 Fascilrel
1681 2914 1734 2952 von

463 2993 479 3043 8
498 2991 706 3062 Papierbldttem
731 2995 756 3044 in
776 2993 1088 3064 Schreibbogensomrat,
1113 2993 1210 3046 foliiert
1235 2993 1282 3045 mit
1301 2992 1354 3045 den
1375 2989 1472 3044 Zahlen
1495 2987 1733 3058 100(1ot)-108.

463 3079 516 3131 Am
536 3079 628 3132 Rande
652 3079 709 3132 sind
729 3079 770 3134 bei
795 3081 939 3136 besonders
959 3081 1112 3135 marlanten
1133 3079 1233 3134 Stellen
1259 3079 1371 3150 kraltige
1391 3076 1668 3148 Doppelquerstriche
1686 3091 1733 3145 ge-

463 3182 549 3237 zogen
574 3167 627 3220 und
651 3169 718 3221 auch
737 3178 812 3223 sonst
835 3169 868 3222 da
886 3170 939 3223 und
958 3169 1016 3222 dort
1040 3170 1088 3222 mit
1111 3167 1251 3238 fldchtiger
1270 3167 1346 3222 Hand
1370 3168 1460 3236 einige
1479 3165 1595 3218 Notiaen
1618 3181 1665 3217 zur
1684 3163 1733 3216 Be-

463 3255 613 3326 zeichnung
632 3254 679 3309 des
691 3255 808 3311 lnhaltes
829 3257 974 3329 beigeiugt.
1005 3257 1082 3310 Nach
1101 3257 1152 3310 den
1166 3256 1278 3309 Worten
1298 3254 1422 3309 volumus
1436 3253 1528 3307 evitari
1547 3269 1592 3305 am
1608 3249 1734 3305 Schlussc

465 3341 542 3396 stand
555 3342 739 3414 ursprunglich
758 3345 784 3398 in
799 3345 937 3399 derselben
950 3343 1047 3398 Schrist
1066 3345 1164 3398 Datum
1177 3345 1289 3408 Romae,
1309 3342 1378 3396 dann
1393 3340 1456 3395 aber
1475 3340 1534 3394 sind
1552 3339 1627 3394 diese
1638 3337 1734 3392 Worte

462 3429 699 3502 durchgestrichen
718 3432 771 3485 und
784 3431 858 3486 dafur
877 3434 902 3486 in
922 3448 1035 3503 engerer
1049 3430 1153 3500 Schrift,
1173 3432 1236 3484 aber
1249 3446 1301 3484 von
1321 3429 1462 3484 derselben
1476 3427 1554 3482 Hand
1573 3428 1663 3482 neben
1682 3425 1735 3479 und

463 3527 539 3572 unter
558 3518 620 3572 dem
639 3520 737 3573 Stdcke
755 3519 797 3573 die
816 3521 938 3573 dblichen
957 3519 1094 3573 Formeln:
1114 3519 1177 3573 nulli
1197 3537 1263 3590 ergo
1282 3537 1306 3573 u.
1327 3537 1347 3573 s.
1367 3539 1402 3574 w.
1423 3519 1462 3572 bis
1482 3535 1543 3571 zum
1556 3519 1659 3572 Datum
1679 3517 1735 3570 ein·

461 3605 622 3660 schliesslich
640 3607 778 3678 beigelitgt
797 3607 916 3661 worden.
953 3607 1030 3660 Nach
1049 3608 1095 3660 der
1113 3608 1210 3678 obigen
1230 3606 1408 3660 Unterschrilt
1427 3605 1497 3677 folgt
1517 3607 1590 3660 noch
1610 3605 1657 3658 der
1667 3604 1734 3657 Ver-

463 3693 551 3746 merit:
577 3695 727 3764 Registrata
752 3697 778 3748 in
804 3712 908 3748 camera
933 3695 1089 3766 Apostolica
1114 3695 1147 3748 de
1172 3694 1260 3748 mand.
1287 3696 1313 3749 S.
1338 3695 1371 3749 l).
1396 3695 1430 3749 N.
1456 3695 1555 3765 Papae.
1592 3691 1652 3746 Aur
1674 3692 1735 3745 dem

462 3781 570 3834 Rdclten
591 3782 638 3834 des
658 3781 755 3835 letzten
775 3781 874 3836 Blattes
894 3784 941 3835 mit
961 3782 1078 3852 gleicher
1091 3781 1201 3835 Schrift:
1221 3782 1322 3836 Minuta
1341 3783 1548 3854 dispensationis
1568 3783 1670 3834 missae
1690 3796 1737 3850 per

462 3866 602 3921 Thadeum
616 3884 760 3923 cursorem.
793 3869 847 3922 Das
861 3869 951 3924 Ganze
971 3871 1003 3923 ist
1017 3869 1144 3936 offenbar,
1164 3870 1205 3922 die
1223 3871 1322 3940 obigen
1337 3870 1521 3926 llandnotizen
1542 3869 1736 3940 abgerechnet,

463 3957 522 4008 eine
541 3954 624 4010 durch
642 3956 694 4009 den
714 3956 879 4027 pdpstlichen
898 3957 1019 4011 Seltretdr
1038 3957 1200 4011 Bernardino
1219 3957 1305 4012 Morta
1325 3956 1506 4029 angelertigte
1525 3957 1666 4011 Abschrift
1689 3958 1737 4010 des

461 4059 513 4096 von
533 4043 660 4096 Heinrich
673 4043 743 4096 Vlll.
764 4045 816 4097 und
835 4045 948 4118 Wolsey
967 4045 1132 4116 gemeinsam
1152 4046 1352 4116 abgesendeten
1370 4045 1650 4117 Dispensentwurfcs,
1670 4045 1737 4100 wel-

461 4131 529 4184 chen
553 4128 600 4183 der
623 4131 717 4184 Kurier
741 4131 884 4185 Thaddaus
908 4133 969 4186 dem
993 4131 1116 4187 Sekreta'tr
1139 4133 1241 4202 Knight
1267 4135 1335 4188 nach
1359 4133 1429 4187 Rom
1454 4133 1598 4204 (Orvieto)
1622 4135 1738 4204 bringen

461 4216 539 4270 sollte
559 4217 611 4269 und
623 4217 798 4272 tharsachlich
812 4219 880 4272 auch
898 4236 988 4290 gegen
1001 4235 1114 4288 20-25.
1128 4221 1278 4274 Dezember
1294 4236 1359 4291 ¹527
1374 4223 1417 4275 bei
1430 4221 1529 4276 dessen
1547 4231 1634 4276 erster
1648 4223 1737 4278 Rsrclr-

460 4306 528 4358 reise
547 4305 573 4358 in
593 4305 716 4376 bologna
736 4307 909 4362 llberreichte.
946 4307 1037 4377 Vergl.
1057 4309 1145 4361 meine
1169 4309 1399 4379 mehrgenannten
1420 4310 1550 4365 Aufsdtze
1576 4314 1614 4365 im
1635 4311 1738 4366 Histor.

459 4392 592 4464 Jahrbuch
618 4393 663 4447 Bd
684 4411 707 4463 9,
735 4393 760 4448 S.
782 4408 839 4458 224,
860 4395 917 4448 228.
955 4395 1055 4464 Knight
1082 4394 1138 4448 liess
1163 4396 1287 4450 indesseu
1313 4398 1355 4451 die
1379 4399 1466 4453 Sache
1493 4399 1598 4470 liegm,
1619 4400 1684 4454 weil
1710 4417 1739 4454 er

460 4480 544 4534 schon
570 4480 628 4533 eine
653 4480 751 4534 andere
771 4481 957 4551 Dispensbulle
981 4484 1014 4549 (s.
1035 4483 1104 4536 oben
1126 4483 1170 4537 Nr.
1193 4485 1238 4554 12)
1258 4485 1363 4539 erwitltt
1389 4487 1442 4540 und
1462 4487 1524 4540 weil
1548 4487 1679 4542 Heinrich
1704 4505 1738 4542 an

459 4569 561 4622 diesem
581 4569 695 4622 aweiten
710 4567 848 4621 Entwurse
868 4587 916 4621 nur
934 4587 978 4621 zur
991 4569 1155 4640 Tduschung
1168 4571 1295 4643 Wolseys
1315 4575 1479 4642 mitgewirltt
1499 4576 1582 4630 hatte.
1615 4577 1648 4630 A.
1663 4595 1687 4630 a.
1703 4575 1738 4630 Ο.

459 4657 484 4710 S.
506 4657 564 4710 228.
597 4655 687 4726 Vergl.
715 4655 831 4726 Knights
857 4656 1000 4708 Schreiben
1026 4674 1058 4710 an
1080 4657 1112 4711 H.
1133 4657 1203 4712 Vlll.
1227 4675 1248 4712 t.
1267 4660 1287 4714 l.
1309 4663 1375 4728 1528
1402 4662 1445 4714 bei
1471 4663 1585 4730 Bumet,
1606 4665 1678 4719 Coll.
1705 4665 1738 4719 ll.

458 4762 484 4798 n.
510 4744 559 4808 ab.
606 4743 665 4797 Erst
691 4742 733 4795 die
759 4741 886 4812 folgende
911 4741 1116 4797 Gesandtscltaft
1141 4775 1173 4784 -
1197 4745 1328 4800 Gardiner
1354 4750 1406 4802 und
1431 4749 1489 4804 Fox
1514 4783 1547 4790 -
1573 4751 1658 4805 nahm
1686 4753 1740 4806 den

459 4829 584 4884 Entwurs
598 4829 699 4883 wieder
723 4828 770 4882 auf
791 4829 911 4900 (Strype,
934 4829 1128 4885 Ecclesiastical
1151 4834 1305 4888 memorials
1327 4837 1380 4892 vol.
1405 4837 1425 4892 l.
1446 4855 1470 4906 2,
1495 4857 1520 4910 p.
1540 4839 1588 4910 67)
1613 4841 1668 4895 und
1692 4843 1740 4896 hat

459 4917 613 4982 denselben,
633 4917 701 4970 nach
721 4916 969 4990 obigeanernrerlt
989 4935 1021 4970 zu
1040 4917 1190 4986 schliessen,
1210 4922 1276 4974 auch
1296 4922 1494 4994 durchgesetzt
1515 4929 1642 4983 obschort
1662 4930 1740 4986 diese
