3850 5534
373 291 414 355 26
1568 304 1639 375 April
1662 305 1735 371 1528.

372 487 532 553 expressas
555 464 699 534 iuridicas
723 489 791 534 esse
819 463 857 534 ad
881 463 1078 534 reddendum
1101 465 1218 534 litteras
1247 465 1329 554 ipsas
1352 464 1594 554 dispensationis
1616 486 1737 552 surrep

372 571 454 640 titias
477 583 509 639 et
532 571 640 639 nullas.

476 677 596 746 Dicunt
619 679 715 760 enirn,
739 676 826 768 quod
848 679 874 746 si
891 678 1044 745 Sanctitas
1061 679 1173 746 Vestra
1196 677 1296 746 semel
1312 677 1374 744 hoc
1398 677 1471 744 iuris
1494 699 1564 743 esse
1585 676 1736 758 statuerit,

371 807 438 852 non
464 803 572 852 curant
594 784 814 873 postmodum,
838 786 864 851 si
886 807 903 850 a
926 783 1164 874 quibuscunque
1188 782 1340 851 iudicibus
1364 780 1475 850 mundi
1497 804 1533 849 ac
1556 780 1738 849 doctoribus

372 891 564 958 contrarium
580 901 758 974 teneretur;
787 891 862 980 quin
879 892 993 973 imm0,
1017 892 1111 958 etiam
1127 891 1153 957 si
1170 913 1187 957 a
1204 890 1355 958 Romanis
1374 886 1589 969 Pontificibus,
1606 889 1737 954 Vestrae

371 996 548 1064 sanctitatis
576 996 810 1065 successoribus
836 995 920 1064 aliud
949 995 1166 1080 declararetur,
1197 1015 1227 1064 et
1250 994 1418 1064 declaratio
1447 1018 1503 1062 seu
1526 995 1592 1061 eius
1620 994 1652 1060 in
1676 992 1738 1060 hoc

371 1101 445 1168 iuris
469 1100 691 1172 determinatio
714 1121 927 1186 revocaretur,
951 1101 1104 1186 dicentes,
1125 1100 1212 1193 quod
1228 1114 1326 1170 status
1348 1101 1428 1169 illius
1446 1099 1547 1188 regni,
1570 1110 1737 1188 postquam

370 1209 601 1296 acceptaverint
624 1209 666 1292 id,
690 1208 777 1299 quod
801 1211 880 1278 circa
904 1208 967 1278 hoc
990 1210 1144 1277 Sanctitas
1164 1209 1277 1277 Vestra
1300 1207 1419 1290 lecerit,
1443 1231 1509 1274 non
1533 1205 1684 1274 curabunt
1706 1216 1738 1272 et

370 1313 495 1401 prolem
518 1337 573 1403 per
588 1337 698 1403 regem
715 1315 947 1404 suscipiendam
971 1338 1030 1404 pro
1046 1338 1122 1404 rege
1138 1313 1314 1383 adorabunt
1336 1326 1368 1382 et
1389 1313 1551 1396 tenebunt,
1575 1336 1635 1380 nec
1650 1335 1738 1379 scan-

371 1417 438 1486 dala
460 1432 612 1508 poterunt
628 1420 749 1512 (nasci)
773 1423 806 1489 in
830 1421 916 1490 dicto
939 1445 1042 1511 regno
1066 1423 1177 1510 vigore
1200 1421 1410 1490 successionis
1433 1421 1528 1509 ipsius
1551 1419 1635 1506 regis
1657 1419 1738 1484 inter

370 1525 518 1593 maritum
542 1524 638 1609 filiae,
666 1528 720 1616 qui
743 1539 852 1616 posset
880 1527 1102 1616 praetendere,
1129 1550 1265 1616 regnum
1290 1525 1328 1594 ad
1353 1551 1387 1594 se
1417 1537 1573 1614 spectare,
1602 1536 1634 1592 et
1655 1521 1738 1590 filios

370 1631 538 1715 masculos,
562 1656 643 1723 quos
666 1657 721 1700 rex
744 1635 812 1721 ipse
835 1658 874 1702 ex
897 1636 1104 1702 matrimonio
1129 1632 1348 1701 contrahendo
1371 1631 1554 1720 susceperit,
1578 1640 1609 1698 et
1632 1631 1677 1696 sic
1700 1652 1738 1696 ex

371 1738 419 1805 his
443 1737 591 1807 claudunt
614 1762 652 1807 os
676 1740 825 1808 omnibus
848 1740 1027 1809 volentibus
1051 1738 1167 1830 aliquid
1191 1741 1223 1807 in
1247 1740 1441 1807 contrarium
1464 1737 1606 1824 allegare.

476 1845 559 1912 Dico
575 1845 656 1914 bene
672 1846 835 1914 Sanctitati
848 1847 991 1931 Vestrae,
1015 1846 1103 1936 quod
1119 1844 1290 1915 Pontifices
1314 1846 1347 1913 in
1363 1868 1475 1912 eorum
1492 1842 1665 1911 canonibus
1687 1840 1739 1908 ali·

370 1949 445 2040 quid
462 1951 582 2018 nationi
607 1951 698 2020 huius
713 1954 814 2040 regni,
838 1954 863 2020 si
887 1952 969 2021 bene
984 1952 1148 2036 recordor,
1172 1963 1408 2035 concesserunt,
1432 1949 1519 2042 quod
1539 1950 1604 2018 aliis
1621 1948 1739 2017 Christi

370 2053 513 2124 fidelibus
537 2058 665 2126 aliarum
690 2061 856 2127 nationum
881 2082 949 2127 non
973 2071 1021 2128 est
1045 2083 1246 2142 concessum,
1270 2082 1311 2127 ne
1334 2081 1414 2146 gens
1436 2056 1496 2139 illa,
1520 2053 1647 2145 quaudo
1670 2076 1739 2142 per·

369 2163 457 2230 venit
479 2161 518 2230 ad
533 2161 641 2247 fidem,
665 2163 841 2253 alligaretur
856 2165 1132 2254 prohibitionibus,
1155 2165 1267 2255 quibus
1284 2165 1334 2232 alii
1348 2163 1463 2252 alligati
1484 2161 1616 2230 sueram.
1651 2160 1738 2228 Con·

370 2291 495 2335 cessum
520 2269 604 2337 enim
635 2271 680 2338 eis
707 2269 779 2354 luit,
808 2283 842 2340 ut
869 2273 902 2338 in
934 2282 1046 2361 quarto
1076 2271 1356 2360 consanguinitatis
1378 2267 1429 2337 vel
1456 2267 1613 2336 affinitatis
1640 2263 1738 2354 gradu

369 2375 438 2442 sine
470 2374 571 2465 aliqua
604 2375 840 2465 dispensatione
872 2379 1113 2447 matrimonium
1146 2377 1332 2446 contrahere
1364 2387 1506 2464 possent.
1556 2373 1651 2443 Nunc
1682 2397 1737 2442 rex

370 2479 464 2548 habet
485 2482 667 2570 scrupulum
690 2485 827 2553 retinere
850 2507 984 2554 uxorem
1007 2483 1110 2553 fratris
1133 2486 1181 2552 sui
1204 2483 1352 2552 defuncti.

475 2587 572 2655 Volui
596 2587 683 2671 haec,
707 2613 787 2678 quae
810 2589 936 2658 fuerunt
959 2590 1034 2658 hinc
1057 2589 1130 2658 inde
1150 2589 1241 2672 dicta,
1265 2589 1427 2657 Sanctitati
1443 2588 1576 2654 Vestrae
1591 2584 1737 2667 scribere,

369 2693 536 2781 quianon
566 2693 699 2762 intendo
727 2695 861 2783 amplius
892 2719 945 2762 me
973 2694 1012 2763 de
1043 2696 1225 2765 huiusmodi
1257 2695 1486 2762 commissione
1516 2693 1737 2760 intromittere.

369 2797 488 2866 Placuit
511 2801 608 2883 enim,
631 2799 718 2889 quod
742 2800 792 2868 illa
814 2801 927 2885 forma,
951 2825 1046 2891 quam
1069 2801 1142 2870 dedi
1163 2801 1325 2870 Sanctitati
1351 2801 1493 2882 Vestrae,
1518 2799 1562 2865 eis
1586 2821 1653 2864 non
1676 2796 1739 2886 pla-

370 2904 479 2987 cuerit,
503 2916 535 2973 et
557 2917 591 2972 ut
609 2906 763 2974 Sanctitas
775 2908 889 2975 Vestra
911 2906 1026 2990 videat,
1050 2906 1138 2997 quod
1154 2907 1257 2998 (non)
1274 2907 1342 2974 sine
1365 2906 1564 2994 inspectione
1586 2903 1738 2971 libromm

369 3010 558 3098 scripserim.
606 3012 726 3080 Omnia
743 3037 822 3103 quae
842 3014 923 3082 circa
937 3017 1109 3102 praemissa
1132 3036 1188 3103 per
1203 3036 1410 3103 quoscunque
1426 3013 1512 3080 viros
1535 3009 1738 3078 doctissimos

369 3114 462 3183 scribi
486 3127 516 3183 et
534 3115 647 3185 adduci
669 3131 834 3207 poterunt,
863 3118 988 3187 adduxi.
1034 3121 1072 3188 Et
1095 3121 1229 3209 practica
1252 3143 1325 3187 cum
1347 3119 1489 3186 theorica
1517 3116 1612 3185 simul
1634 3116 1739 3183 iuncm

368 3219 539 3308 plurimum
562 3222 646 3292 valet
673 3236 704 3292 et
731 3227 831 3314 aperit
858 3225 970 3294 oculos
998 3225 1036 3294 ad
1061 3224 1290 3294 consideranda
1318 3236 1349 3292 et
1372 3223 1556 3292 adducenda
1579 3245 1629 3303 ea,
1657 3244 1737 3310 quae

368 3327 427 3394 viri
450 3325 636 3411 doctissimi,
660 3330 764 3398 solum
787 3332 963 3400 theoricam
987 3332 1148 3415 habentes,
1170 3355 1239 3399 non
1261 3330 1428 3399 adducent.
1474 3330 1514 3398 Et
1536 3353 1553 3396 a
1575 3327 1738 3396 voluntate

368 3432 547 3502 Sanctitatis
562 3434 694 3505 Vestrae
718 3435 891 3525 dependet,
921 3437 1067 3506 exaudire
1090 3438 1141 3506 vel
1168 3461 1234 3505 non
1259 3435 1405 3505 exaudire
1432 3436 1516 3524 regis
1538 3435 1738 3523 petitionem,

369 3549 400 3606 et
429 3539 644 3623 considerare,
672 3540 747 3631 quid
771 3543 925 3632 expediat.
970 3545 1059 3612 Deus
1086 3545 1181 3633 iginu
1208 3545 1338 3632 inspiret
1365 3543 1570 3610 Sanctitatem
1590 3541 1737 3608 Vestram

368 3643 407 3711 ad
430 3643 462 3712 id
484 3643 675 3730 faciendum,
699 3648 786 3738 quod
810 3649 955 3738 expediat
978 3649 1128 3718 ecclesiae
1151 3672 1225 3717 suae
1249 3659 1384 3717 sauctae.

578 3785 647 3842 Len.
667 3787 692 3842 di
710 3789 825 3860 Principi
843 3790 915 3846 XIV.
935 3789 952 3847 f.
974 3804 1032 3860 147.
1069 3791 1120 3845 Die
1139 3790 1226 3861 Kopie
1245 3795 1316 3861 trdgt
1334 3789 1426 3844 weder
1444 3789 1555 3855 Datum,
1580 3787 1651 3841 noch
1671 3784 1737 3840 nur-

474 3873 539 3928 oder
557 3875 749 3942 Uuterschrill;
774 3877 845 3932 doch
867 3879 900 3933 ist
919 3895 949 3933 es
971 3879 1044 3934 nicht
1067 3879 1181 3946 schwer,
1205 3879 1260 3932 Zeit
1283 3877 1337 3932 und
1355 3875 1495 3932 Verfasser
1518 3876 1567 3930 mit
1589 3875 1738 3930 Sicherheit

473 3961 661 4018 sestzustellen.
699 3965 754 4020 Das
778 3966 886 4021 Referat
908 3968 942 4022 ist
966 3967 1081 4022 natmlich
1105 3967 1151 4021 das
1177 3966 1350 4038 Gegenstuclc
1373 3983 1404 4018 zu
1428 3964 1571 4019 Gardiuers
1596 3963 1738 4018 berichten

473 4067 528 4104 von
546 4051 618 4105 Mara
637 4052 692 4106 und
709 4053 783 4126 April
799 4056 865 4124 1528
884 4055 949 4109 tiber
967 4057 1041 4109 scine
1060 4055 1114 4109 und
1132 4055 1196 4109 Fox'
1214 4053 1342 4126 Seuduug
1360 4053 1429 4106 nach
1442 4051 1555 4107 Orvieto
1574 4067 1673 4123 wegen
1691 4050 1738 4105 der

473 4138 679 4198 Dehretalbulle.
715 4142 819 4215 Strype,
843 4142 914 4198 Eccl.
939 4159 1053 4210 memor,
1075 4143 1094 4197 1.
1115 4157 1139 4198 2.
1163 4160 1188 4214 p.
1207 4141 1242 4196 66
1260 4159 1299 4214 sq.
1337 4141 1388 4195 Die
1407 4139 1737 4211 Auseinandersetzungen

474 4225 591 4299 kudpfen
614 4228 726 4298 siberch,
752 4248 801 4285 nur
822 4230 948 4303 ungleich
973 4231 1081 4303 ruhiger
1104 4231 1158 4285 und
1180 4231 1334 4298 sachlicher,
1360 4247 1394 4284 an
1417 4230 1458 4283 die
1477 4228 1668 4300 fordemngeu
1691 4223 1765 4282 der*

474 4315 570 4370 beiden
588 4315 743 4372 Gesandten
766 4337 807 4374 an.
844 4319 900 4374 Das
918 4320 998 4374 Stuclr
1022 4319 1078 4374 salit
1097 4319 1154 4374 also
1173 4319 1277 4374 zeitlich
1301 4320 1350 4373 mit
1368 4318 1415 4372 der
1438 4327 1526 4373 ersten
1545 4316 1738 4390 Ausfertiguug

473 4403 521 4458 der
538 4405 808 4461 Kommissionsbulle
827 4424 890 4462 vom
912 4424 952 4478 ¹3·
970 4408 1047 4480 April
1065 4409 1102 4478 (8.
1121 4407 1192 4480 Juni)
1215 4409 1280 4478 1528
1306 4423 1475 4473 zusarnmen3
1500 4405 1608 4461 versant
1625 4423 1690 4478 mag
1707 4422 1738 4462 es

473 4499 558 4546 etwas
581 4499 669 4564 spater
691 4495 761 4562 sein,
784 4512 830 4549 um
852 4496 894 4550 bei
918 4496 969 4550 den
988 4498 1118 4550 weiteren
1141 4495 1475 4568 BemuhungenWolseys
1499 4495 1553 4549 und
1576 4496 1663 4550 seiner
1681 4494 1736 4549 Ge-

474 4579 586 4635 sandten
604 4599 649 4635 um
668 4581 711 4636 die
729 4583 926 4638 Dekretalbulle
945 4584 1007 4638 dem
1019 4585 1116 4657 Papste
1135 4584 1187 4639 den
1205 4584 1288 4639 Stand
1305 4583 1351 4638 der
1366 4585 1450 4656 Frage
1469 4585 1510 4638 ins
1523 4583 1686 4638 Gedichtnis
1705 4601 1738 4638 zu

474 4665 557 4722 rufen.
586 4667 725 4724 Verlasser
743 4671 777 4724 ist
795 4670 842 4724 der
856 4670 1098 4744 Grossponitentiar
1116 4672 1193 4726 Laur.
1211 4671 1299 4738 Pucci‚
1319 4670 1444 4726 Kardioal
1462 4688 1516 4725 von
1535 4671 1609 4726 Santi
1623 4680 1737 4744 quattro,

473 4772 531 4809 was
549 4775 571 4810 z.
585 4756 614 4810 B.
633 4773 679 4812 aus
698 4756 745 4812 der
762 4757 936 4830 Erwahnung
953 4758 1001 4814 des
1014 4759 1367 4828 Kommissionsentwurfes,
1387 4759 1439 4813 den
1457 4759 1505 4814 der
1517 4758 1657 4814 Verl'asser
1675 4759 1739 4814 dem

474 4843 572 4914 Papste
591 4843 739 4900 ilberreicht
757 4846 833 4914 habe,
853 4864 899 4902 aus
918 4847 965 4901 der
984 4848 1192 4903 entschiedeoen
1210 4848 1353 4919 Retonung
1371 4847 1418 4902 des
1436 4850 1659 4920 gegenwdrtigeo
1670 4848 1738 4902 Ver·

476 4929 581 4986 labrens
600 4933 626 4986 in
639 4932 750 4988 solchen
761 4934 878 5007 Dingen‚
897 4935 1016 4990 welches
1035 4953 1090 4990 von
1103 4936 1166 4990 dem
1178 4935 1327 4994 Verfahren
1344 4938 1371 4990 in
1384 4937 1449 4990 alter
1462 4936 1525 5004 zeii,
1544 4937 1578 4992 da
1590 4936 1634 4992 die
1651 4937 1739 4994 kirch-
