3782 5532
184 341 254 400 1529
271 325 355 399 April.
1514 313 1553 377 77

179 484 342 556 levandoli
365 499 449 556 tutto
472 487 492 554 il
515 489 701 577 temporale.
748 489 786 558 Et
809 489 1012 560 trovandomi
1039 489 1070 557 io
1094 486 1180 576 dopo
1203 487 1232 555 la
1254 487 1333 556 festa
1361 509 1423 555 con
1446 499 1556 576 questa

180 594 321 677 Maesti,
348 618 442 661 senza
465 595 579 662 havere
610 619 726 663 ancora
754 598 858 664 inteso
886 597 996 664 alcuna
1025 618 1099 664 cosa
1128 594 1159 662 di
1184 593 1272 662 detto
1300 593 1391 676 libro,
1420 593 1556 662 accadde

179 699 303 786 pariare
327 699 358 766 di
382 711 491 788 questa
513 703 654 783 materia,
678 702 795 789 perche
819 725 887 769 essa
903 702 1024 769 Maesta
1047 701 1092 767 mi
1114 713 1255 782 toccava,
1278 723 1346 767 non
1371 700 1429 767 che
1453 699 1556 767 dimo·

179 817 299 872 strasse
319 805 445 872 haverci
468 805 684 889 inclinatione,
708 831 765 874 ma
788 807 856 875 che
881 830 942 874 era
965 805 1162 874 solicitato
1186 817 1329 895 aquesta
1345 829 1429 888 cosa,
1453 804 1556 872 talche

179 908 222 976 ad
248 911 326 996 ogni
347 909 434 977 buon
458 908 522 978 fine
546 914 590 978 mi
613 936 707 1000 parve
731 912 762 980 di
778 911 847 980 dirh
871 915 983 1001 prima,
1007 911 1065 980 che
1082 909 1264 993 advertisse,
1289 911 1346 978 che
1366 925 1480 1000 questo
1504 934 1556 978 era

179 1015 203 1081 il
231 1015 370 1104 dyavolo
399 1036 487 1085 veste
515 1019 656 1106 angelica
683 1019 827 1102 indutus,
856 1039 890 1087 ut
917 1018 1037 1086 facilius
1067 1017 1240 1107 deciperet,
1270 1029 1301 1086 et
1330 1016 1389 1085 che
1417 1015 1445 1084 la
1468 1036 1556 1085 veste

179 1119 293 1188 bianca
317 1145 369 1189 era
391 1122 413 1190 il
435 1136 589 1192 mostrare
613 1124 644 1192 di
666 1125 783 1194 volersi
806 1125 928 1194 ridurre
951 1125 1009 1193 alla
1033 1124 1186 1193 catholica
1208 1122 1295 1207 fede,
1319 1143 1351 1192 et
1374 1124 1433 1192 che
1461 1123 1482 1191 li
1506 1147 1556 1191 ec-

180 1227 346 1296 clesiastici
370 1231 529 1298 vivessino
552 1243 780 1314 sanctamente,
809 1256 860 1299 ma
884 1233 942 1300 che
965 1231 1007 1320 gli
1031 1231 1132 1318 artigli
1155 1243 1187 1298 et
1210 1253 1307 1298 corna
1330 1253 1382 1298 era
1405 1230 1426 1297 il
1449 1231 1556 1299 volere

180 1356 340 1424 occupare
363 1335 385 1402 li
407 1334 479 1403 beni
503 1335 586 1404 dela
609 1338 729 1406 chiesa:
754 1339 808 1425 poi
832 1361 899 1405 non
915 1337 1050 1418 vedevo‚
1075 1360 1168 1404 come
1191 1337 1217 1403 si
1236 1347 1363 1424 potesse
1388 1334 1426 1404 da
1442 1335 1556 1404 alcuuo

178 1453 379 1528 promettere
404 1454 434 1510 et
457 1444 626 1511 assicurare
656 1442 683 1510 la
706 1443 914 1532 abrogatione
938 1443 968 1512 di
992 1454 1078 1511 tanta
1106 1444 1226 1510 heresia
1249 1444 1300 1530 gib
1323 1465 1428 1530 sparsa
1451 1445 1476 1508 sl
1500 1441 1558 1509 lar·

178 1558 333 1634 gamente
362 1570 418 1635 per
440 1547 469 1614 la
490 1546 596 1637 plebe,
624 1569 656 1617 et
680 1550 738 1617 che
766 1549 787 1616 il
810 1549 876 1617 dire
905 1549 936 1617 di
959 1549 1047 1617 voler
1071 1551 1176 1618 vivere
1206 1561 1237 1616 et
1260 1541 1555 1617 credere‘secondo

179 1652 211 1718 la
234 1649 340 1719 divina
367 1651 460 1741 legge
484 1677 535 1721 era
558 1655 653 1722 solito
676 1667 771 1724 tratto
796 1653 835 1724 de
859 1655 1003 1738 heretici,
1035 1654 1056 1722 li
1079 1655 1161 1745 quali
1185 1677 1310 1743 sempre
1334 1653 1453 1722 dicono
1478 1658 1555 1736 cosi,

178 1780 236 1824 ma
259 1757 416 1845 vogliono
439 1759 549 1828 habbia
575 1760 594 1827 il
619 1783 697 1828 naso
722 1760 752 1828 di
776 1784 847 1828 cera
873 1784 929 1849 per
952 1761 1077 1850 poterlo
1101 1773 1225 1829 torcere
1248 1785 1266 1827 a
1289 1761 1337 1828 lor
1360 1758 1471 1828 modo.
1518 1761 1557 1828 Et

179 1863 281 1930 dissili
305 1862 367 1931 due
389 1866 522 1953 ragioni‚
546 1890 602 1954 per
624 1866 737 1956 lequali
761 1867 791 1934 S.
814 1867 859 1934 M.
884 1890 951 1933 non
975 1866 1077 1936 dovea
1101 1866 1175 1934 dare
1198 1866 1344 1934 orecchie
1367 1890 1385 1933 a
1407 1866 1459 1934 tali
1483 1889 1556 1955 pro-

178 1981 292 2057 poste:
317 1969 400 2038 l’una
417 1971 556 2054 iuridica,
579 1972 637 2040 che
653 1975 704 2062 gia
727 1975 938 2041 anticamente
961 1996 1017 2061 per
1033 1972 1159 2040 concilii
1183 1991 1213 2040 et
1237 1975 1394 2041 sententia
1417 1971 1447 2039 di
1464 1973 1556 2042 molti

179 2075 252 2142 altri
275 2078 356 2144 santi
379 2077 524 2166 theologi
548 2082 565 2146 ὲ
588 2090 670 2147 stato
690 2078 912 2162 determinat0‚
937 2079 965 2146 la
981 2079 1085 2146 chiesa
1107 2080 1188 2147 iuste
1212 2098 1243 2146 et
1266 2078 1347 2146 bene
1370 2080 1556 2167 temporalia

179 2181 358 2270 possidere,
383 2196 414 2252 et
438 2207 507 2251 esse
530 2184 723 2253 haereticum
747 2185 835 2254 aliter
858 2185 998 2268 credere,
1023 2189 1064 2252 nb
1084 2185 1208 2253 vedevo
1233 2185 1284 2252 chi
1306 2183 1427 2252 fussino
1452 2185 1556 2274 quelli,

181 2288 243 2354 che
268 2289 299 2356 di
322 2310 432 2357 nuovo
456 2289 624 2358 havessino
641 2315 658 2358 a
673 2293 816 2360 rivocare
840 2294 873 2359 in
890 2290 1007 2360 dubbio
1032 2311 1064 2359 er
1080 2314 1255 2358 conoscere
1278 2290 1309 2358 di
1329 2303 1438 2380 questa
1455 2314 1555 2359 causa.

180 2393 223 2462 Et
245 2394 403 2463 toccando
420 2396 451 2463 S.
467 2396 524 2480 M,
549 2397 607 2465 che
630 2400 732 2488 questi
756 2396 921 2482 dicevano,
945 2397 1046 2488 quelle
1071 2396 1326 2465 determinationi
1351 2419 1454 2464 essere
1478 2416 1557 2464 state

180 2500 260 2568 fatte
284 2500 323 2568 da
347 2495 559 2586 ecclesiastici,
582 2504 723 2572 volendo
748 2504 889 2588 inferire,
914 2504 973 2572 che
996 2503 1191 2592 bisogneria,
1214 2505 1245 2570 vi
1269 2505 1514 2571 intervenissino
1537 2503 1558 2570 li

179 2606 253 2674 laici
277 2630 404 2690 ancora,
427 2610 551 2697 risposi,
576 2609 634 2677 che
657 2610 688 2677 S.
706 2611 763 2693 M,
787 2610 846 2678 che
870 2634 921 2678 era
945 2611 1174 2698 sapientissima
1198 2621 1229 2677 et
1251 2610 1389 2677 maxime
1414 2611 1558 2677 instrutta

180 2715 218 2780 in
240 2713 414 2802 theologia,
439 2714 540 2783 dovea
563 2739 672 2804 sapere
696 2736 814 2805 quanto
839 2739 890 2784 era
913 2717 1031 2804 scripto
1056 2714 1108 2783 nel
1122 2716 1381 2783 Deuteronomio
1405 2715 1433 2782 al
1453 2716 1556 2782 XVII.

182 2820 334 2908 capitum,
358 2833 390 2888 et
413 2821 517 2910 quello
542 2821 600 2890 che
623 2821 816 2891 similmente
840 2823 866 2888 si
888 2822 983 2909 legge
1006 2845 1046 2888 ne
1069 2822 1092 2889 ii
1114 2822 1185 2888 Acti
1211 2819 1249 2888 de
1272 2820 1292 2887 li
1317 2819 1475 2909 Apostoli,
1499 2823 1558 2890 che

182 2949 281 3015 sopra
311 2928 340 2994 la
370 2930 537 3017 questione
570 2928 610 2996 de
641 2928 814 2996 immolatis
845 2939 904 2996 etc.
936 2928 1047 2994 Petrus
1078 2939 1109 2995 et
1137 2924 1281 2994 Andreas
1312 2925 1439 2996 fuerunt
1470 2929 1559 2996 anissi

182 3032 445 3122 Hierosolymam
463 3033 503 3101 ad
518 3033 694 3122 Apostolos
704 3039 724 3117 1,
749 3045 784 3101 ut
799 3033 1057 3116 determinarent,
1075 3055 1168 3100 come
1185 3034 1210 3099 si
1226 3032 1320 3120 legge
1337 3034 1395 3101 che
1410 3032 1558 3102 fecciono

183 3135 341 3205 dicendo:
373 3137 490 3206 Placuit
518 3139 610 3207 nobis
641 3152 672 3207 et
700 3139 828 3229 Spiritui
855 3151 977 3207 sancto.
1023 3137 1136 3206 L'altra
1164 3139 1295 3226 ragione
1324 3136 1356 3205 iu
1384 3138 1558 3226 temporale

183 3267 250 3312 con
279 3244 364 3326 diali,
395 3245 453 3313 che
480 3246 512 3313 S.
541 3247 586 3312 M.
618 3245 790 3315 advertisse
818 3246 913 3330 bene,
944 3247 1002 3315 che
1032 3257 1145 3335 questo
1176 3245 1269 3312 etiam
1293 3245 1407 3312 veniva
1438 3244 1558 3312 directo

183 3368 299 3418 contra
330 3349 361 3418 di
388 3349 443 3433 lei,
471 3353 587 3440 perche
615 3351 769 3421 stantibus
797 3353 890 3421 rebus
921 3375 990 3420 essa
1017 3375 1051 3419 se
1079 3373 1119 3418 ne
1147 3348 1311 3439 prevaleva
1338 3372 1446 3437 spesse
1472 3349 1558 3417 volte

183 3457 217 3523 di
241 3479 354 3543 grosse
378 3480 504 3525 somme
529 3482 569 3526 ne
593 3458 613 3525 li
636 3457 763 3546 bisogni
782 3460 864 3541 suoi,
888 3470 920 3527 et
942 3454 1176 3546 permanendo,
1201 3455 1260 3524 che
1276 3455 1344 3523 laici
1368 3467 1559 3545 occuparent

182 3563 270 3629 bona
295 3562 513 3646 ecclesiarum,
543 3567 674 3633 cessaria
698 3583 822 3654 questo,
852 3583 882 3632 et
906 3564 991 3632 forse
1019 3563 1206 3651 impinguati
1236 3574 1268 3631 et
1292 3561 1408 3630 dilatati
1434 3561 1559 3629 recalci-

181 3681 315 3736 trarent.
361 3669 399 3736 Et
422 3693 481 3759 pur
503 3670 684 3758 replicando
708 3671 739 3749 S.
763 3671 808 3737 M.
833 3671 891 3737 che
915 3671 1019 3759 questi
1040 3670 1092 3738 tali
1116 3668 1241 3750 dican0,
1264 3668 1285 3734 il
1308 3679 1390 3735 stato
1415 3667 1559 3734 ecclesia·

182 3777 267 3843 stico
292 3788 324 3844 et
341 3777 507 3864 praecipue
531 3777 559 3844 la
576 3789 663 3845 corte
687 3775 718 3843 di
734 3777 838 3845 Roma
853 3778 959 3844 vivere
984 3775 1086 3843 molto
1103 3775 1195 3857 male,
1219 3773 1359 3842 volendo
1376 3797 1559 3856 accennare,

183 3881 245 3948 che
271 3883 367 3948 etiam
395 3903 625 3949 recesseramus
652 3884 686 3948 in
710 3882 817 3951 multis
840 3907 858 3950 a
881 3882 951 3970 lege
980 3881 1100 3963 divina,
1127 3882 1242 3968 risposi
1272 3881 1331 3948 che
1354 3903 1389 3948 se
1416 3878 1560 3948 intende-

181 4009 281 4071 van0,
307 3987 366 4054 che
390 3990 421 4054 in
438 3988 542 4057 Roma
565 4001 597 4056 et
612 4011 652 4055 ne
676 3988 704 4055 la
721 4001 808 4056 corte
833 3988 953 4056 iussiuo
978 3987 1018 4055 de
1037 3987 1167 4075 peccati,
1191 3985 1370 4054 facilmente
1392 3985 1424 4053 lo
1441 3997 1561 4075 potevo

184 4094 385 4176 consentire,
413 4095 485 4184 quia
513 4095 661 4161 homines
690 4118 814 4176 sumus,
844 4117 895 4161 ma
919 4116 986 4161 non
1014 4095 1103 4182 perd,
1132 4093 1191 4161 che
1218 4093 1246 4160 la
1270 4091 1352 4160 Sede
1375 4092 1561 4181 Apostolica

184 4199 299 4267 habbia
322 4198 448 4268 deviato
474 4199 512 4268 da
535 4200 564 4268 la
587 4225 660 4269 vera
683 4199 746 4268 fide
775 4202 870 4268 etiam
900 4203 932 4268 in
957 4224 1000 4268 un
1023 4201 1105 4284 iota3
1138 4212 1170 4268 et
1193 4199 1315 4267 benchb
1343 4198 1454 4266 alcuna
1476 4199 1561 4266 volta

183 4318 317 4394 propter
341 4319 469 4394 peccata
485 4308 615 4375 havesse
638 4309 737 4396 patito
762 4306 846 4375 dele
870 4307 1093 4394 persecutioni,
1118 4306 1176 4373 che
1195 4317 1302 4374 tamen
1326 4328 1452 4394 sempre
1475 4306 1561 4373 stetit

185 4432 219 4479 et
243 4410 336 4480 stabit
357 4435 415 4501 per
438 4412 552 4481 havere
577 4435 702 4502 sempre
731 4425 915 4480 mantenuta
938 4425 970 4480 et
996 4424 1105 4480 tenuta
1128 4411 1227 4479 ferma
1251 4411 1279 4478 la
1302 4433 1375 4478 vera
1399 4422 1430 4477 et
1453 4409 1561 4476 catho-

297 4703 305 4733 ¹
325 4694 377 4749 Die
389 4695 471 4750 Stelle
484 4696 725 4751 Deuteronomium
744 4711 782 4766 17,
796 4696 880 4765 8-13
903 4693 1006 4749 bezieht
1026 4694 1082 4748 sich
1102 4692 1150 4746 auf
1164 4691 1206 4746 die
1225 4691 1364 4763 geistliche
1377 4690 1560 4746 Gerichtsbar·

186 4765 250 4832 leit,
269 4765 312 4820 die
331 4765 396 4820 uber
415 4767 461 4820 der
474 4767 627 4822 weltlichen
646 4768 735 4832 stehe;
760 4767 787 4820 in
805 4766 867 4820 dern
880 4765 951 4820 Citat
970 4781 1017 4819 aus
1030 4765 1089 4819 Act.
1104 4765 1198 4835 Apost.
1219 4767 1272 4833 (15,
1286 4765 1313 4831 2)
1332 4763 1377 4818 hat
1391 4763 1561 4834 Campeggio

187 4835 336 4891 irrtt'amlich
355 4837 448 4892 Petrus
462 4848 487 4892 et
502 4839 621 4892 Andreas
641 4846 703 4892 statt
717 4837 812 4892 Paulus
832 4847 858 4892 et
872 4836 1004 4891 Barnabas
1024 4843 1154 4907 genannt;
1178 4831 1319 4888 Laemmer
1331 4833 1376 4888 hat
1389 4832 1471 4887 daher
1489 4832 1560 4887 beim

188 4906 314 4962 Abdruch
333 4905 421 4964 dieses
439 4909 529 4962 Teiles
548 4909 590 4963 die
609 4909 740 4979 richtigen
758 4908 864 4962 Namen
883 4909 909 4960 in
929 4906 981 4960 den
1000 4905 1069 4960 Text
1089 4914 1198 4976 geserzt.
