3842 5532
340 250 402 311 228
1307 261 1425 315 Diarium
1445 259 1523 314 Blasii
1542 258 1575 312 de
1593 258 1708 312 Cesena.

339 422 420 490 festo
445 422 602 489 Paschatis
630 423 869 491 resurrectionis
893 424 1038 511 proxime
1062 421 1207 504 decurso,
1236 445 1269 488 se
1293 431 1413 489 temere
1438 432 1469 487 et
1492 418 1532 488 de
1555 417 1638 486 sacto
1662 440 1711 483 as-

338 526 542 617 sumptand0,
565 527 650 596 unde
674 551 732 616 pro
756 541 842 617 parte
870 530 997 616 reginae
1022 541 1052 596 et
1075 528 1277 616 imperatoris
1301 527 1367 594 eius
1390 525 1516 613 nepotis
1539 522 1711 592 instabatur

339 657 397 722 pro
423 634 594 715 sententia,
624 645 656 702 et
678 634 766 723 quod
793 657 848 702 rex
872 634 1005 722 Angliae
1034 636 1248 702 enuntiaretur
1276 646 1307 701 et
1336 631 1558 720 publicaretur3
1590 630 1628 697 ab
1652 629 1710 696 XI.

339 741 418 808 hora
433 763 531 829 usque
555 739 594 807 ad
610 740 727 807 XVIII.
746 739 869 808 duravit
891 740 960 809 talis
976 740 1147 823 altercati0‚
1171 739 1248 807 nihil
1263 752 1371 808 tamen
1390 737 1521 806 alterurn
1539 734 1710 804 diffinitum

338 869 396 935 pro
421 870 516 914 nunc.

444 952 505 1019 Die
528 954 653 1020 veneris
681 953 738 1020 XI.
767 953 831 1020 iulii
859 973 938 1040 1533
964 953 1047 1042 Papa
1076 954 1108 1020 in
1137 953 1329 1020 consistorio
1357 973 1416 1018 suo
1443 966 1567 1017 secreto
1596 945 1635 1014 ad
1664 948 1711 1014 in-

338 1060 483 1127 stantiam
507 1059 710 1147 Imperatoris
734 1071 765 1127 et
785 1061 913 1148 reginae
929 1059 1062 1147 Angliae
1085 1059 1300 1147 pronuntiavit
1316 1076 1426 1125 contra
1449 1079 1558 1144 regern
1576 1053 1712 1141 Angliae

338 1189 431 1253 super
454 1165 612 1234 attentatis
635 1177 667 1233 et
690 1164 857 1232 declaravit
879 1165 977 1248 illum,
1002 1167 1062 1233 nisi
1084 1188 1140 1253 per
1163 1177 1267 1233 totum
1292 1186 1438 1232 mensem
1455 1160 1615 1230 01101111ι
1637 1182 1712 1247 pro-

337 1273 422 1339 xime
451 1270 591 1339 futurum
615 1270 769 1340 dimiserit
796 1271 903 1354 aliam,
932 1295 1027 1360 quam
1051 1272 1170 1360 accepit
1200 1272 1232 1337 in
1255 1293 1388 1338 uxorem
1417 1268 1470 1336 lite
1493 1265 1654 1356 pendente
1680 1285 1713 1332 et

338 1390 448 1445 contra
473 1379 644 1445 monitoria
659 1377 855 1466 Apostolica‚
881 1397 911 1445 et
928 1379 1082 1467 reciperet
1105 1378 1248 1465 reginam
1267 1399 1401 1444 uxorem
1418 1376 1567 1463 priorem.
1607 1373 1710 1439 Dnus.

338 1484 461 1552 blosius
484 1485 690 1551 secretarius²
713 1483 790 1572 legit
813 1485 1003 1552 sententiam
1027 1485 1163 1551 instante
1186 1484 1273 1550 Dno.
1297 1482 1440 1549 Iohanne
1456 1479 1591 1568 Aloysio
1615 1476 1713 1544 advo·

338 1602 409 1659 cato
433 1603 464 1658 et
488 1589 575 1657 Dno.
600 1590 743 1658 Iohanne
767 1589 882 1657 clerico
906 1590 1050 1678 Hispano
1074 1601 1288 1678 procuratore.
1336 1587 1374 1678 (l.
1400 1586 1493 1677 257.)

444 1696 505 1763 Die
520 1696 645 1762 veneris
669 1695 805 1762 XXVII.
830 1694 1020 1783 11111554.
1061 1696 1201 1763 Consist.
1226 1713 1395 1776 secretum,
1420 1696 1451 1760 in
1467 1715 1532 1783 quo
1557 1693 1638 1759 inter
1653 1689 1715 1757 alia

337 1825 431 1891 super
455 1825 547 1869 causa
570 1800 744 1890 Anglicana
773 1802 967 1868 matrimonii
996 1803 1078 1868 inter
1105 1823 1215 1889 regem
1240 1813 1271 1869 et
1298 1802 1443 1890 reginam
1470 1798 1567 1886 longa
1590 1795 1713 1885 discep-

337 1909 414 1977 tatio
442 1906 598 1975 referente
628 1905 750 1976 Revd0.
783 1907 868 1974 Dno.
900 1907 1017 1975 Iacobo
1047 1908 1236 1997 Symonetta
1267 1909 1418 1995 episcopo
1447 1904 1636 1973 Pisauriensi
1667 1904 1712 1970 uti

337 2025 505 2102 surrogato
528 2014 616 2080 Dno.
641 2012 738 2080 Paulo
763 2013 961 2101 Capisuccho
985 2012 1134 2081 absenti.³

443 2120 504 2187 Die
527 2120 674 2187 mercurii
701 2119 757 2186 IV.
783 2121 901 2187 mensis
930 2121 1033 2187 martii
1062 2140 1143 2207 1534
1172 2118 1230 2187 suit
1253 2119 1394 2200 consist,
1421 2120 1454 2184 in
1478 2139 1542 2206 quo
1566 2115 1606 2184 de
1630 2114 1714 2182 dicta

338 2249 430 2294 causa
453 2225 628 2314 Anglicana
652 2225 847 2292 matrimonii
869 2237 1035 2294 tractatum
1059 2225 1125 2293 luit.

444 2332 505 2400 Die
533 2331 624 2400 lunae
648 2331 768 2398 XXIII.
793 2332 895 2399 martii
922 2353 935 2398 1
942 2352 957 2417 5
964 2352 1005 2419 34
1033 2330 1090 2399 fuit
1118 2332 1247 2398 consist.
1276 2341 1450 2410 secretum,
1481 2330 1513 2396 in
1536 2351 1601 2417 quo
1630 2328 1714 2394 inter

338 2438 395 2504 alia
414 2437 561 2505 ventilata
585 2450 617 2505 et
639 2435 772 2506 diffinita
800 2459 892 2504 causa
916 2438 1111 2505 matrimonii
1135 2435 1268 2524 Angliae
1297 2455 1407 2503 contra
1431 2457 1541 2523 regem
1565 2431 1712 2521 Angliae.

338 2545 546 2612 Sententiavit
568 2543 599 2610 S.
624 2543 664 2610 D.
687 2545 729 2611 N.
752 2541 903 2611 Clemens
927 2544 1009 2632 Papa
1025 2543 1094 2610 VII.
1119 2541 1349 2624 canonizando,
1374 2542 1615 2610 matrimonium
1639 2539 1714 2606 alias

338 2651 420 2718 inter
436 2648 539 2718 dictos
562 2673 672 2738 regem
693 2669 723 2718 et
739 2650 883 2738 reginam
900 2649 1033 2717 valuisse
1057 2667 1088 2717 et
1105 2649 1218 2732 valere,
1243 2661 1274 2716 et
1296 2647 1370 2716 inde
1392 2647 1516 2737 prolem
1532 2659 1713 2734 susceptam

339 2754 521 2824 huiusmodi
545 2755 641 2824 fuisse
665 2768 696 2824 et
720 2778 798 2823 esse.
846 2754 884 2843 (f.
910 2755 1003 2843 270.)

549 2915 642 2985 Biagio
666 2914 698 2968 de
721 2913 863 2968 Martinelli
886 2931 932 2968 aus
951 2912 1070 2980 Cesena,
1094 2913 1175 2968 daher
1199 2913 1299 2967 Blasius
1323 2913 1356 2967 de
1376 2911 1481 2967 Cesena
1505 2921 1637 2984 gemunt,
1656 2930 1715 2965 war

443 3002 537 3074 papstl.
558 3000 847 3056 Ceremonienmeister
865 3019 919 3056 von
941 3002 1112 3070 1518-1540
1135 3002 1187 3056 und
1207 3001 1310 3056 schrieb
1329 3000 1367 3054 als
1386 3000 1494 3055 solcher
1516 3001 1573 3053 sein
1593 2999 1714 3054 Diarium

444 3089 484 3144 mr
503 3088 576 3143 diese
594 3089 682 3159 Jahre.
719 3088 868 3143 Besonders
888 3090 1103 3162 hervorragende
1121 3091 1282 3162 Ereignisse,
1301 3091 1353 3144 wie
1373 3089 1415 3142 die
1434 3089 1529 3143 beiden
1549 3089 1647 3142 Reisen
1666 3087 1715 3142 des

444 3178 555 3248 Papstes
578 3177 646 3231 nach
665 3177 799 3248 Bologna,
825 3177 866 3232 die
886 3178 965 3232 Reise
984 3179 1052 3233 nach
1071 3178 1216 3246 Marseille‚
1240 3178 1317 3232 Karls
1331 3177 1363 3232 V.
1383 3178 1486 3248 Einzug
1504 3177 1531 3230 in
1550 3177 1620 3232 Rom
1638 3176 1714 3245 1536,

444 3265 603 3320 behandelte
622 3283 650 3319 er
669 3267 695 3319 in
714 3267 828 3337 eigeuen
847 3265 1098 3338 Aufzeichnungen,
1124 3267 1177 3321 und
1196 3285 1227 3321 so
1245 3268 1279 3321 ist
1297 3265 1461 3320 namentlich
1480 3266 1554 3319 scine
1574 3265 1713 3319 liescbrei-

444 3355 517 3426 bung
534 3354 581 3408 der
593 3353 725 3426 Kronung
742 3373 773 3409 zu
785 3353 907 3426 Bologna
927 3356 962 3408 im
977 3353 1091 3410 Februar
1107 3371 1173 3424 1530
1191 3355 1251 3409 eine
1269 3354 1316 3408 der
1335 3355 1428 3408 besten
1442 3353 1561 3417 Quellen
1580 3353 1621 3407 liar
1639 3354 1714 3408 diese

443 3442 669 3497 Feierlichkeiten.
706 3443 769 3497 Sein
788 3441 907 3497 Diariunt
925 3441 1007 3496 findet
1026 3444 1083 3497 sich
1102 3442 1281 3497 abschriftliclr
1300 3443 1365 3498 Bibl.
1385 3443 1461 3496 Barb.
1481 3441 1593 3496 XXXV.
1609 3457 1651 3512 43,
1671 3443 1715 3496 die

444 3531 542 3585 andern
562 3531 658 3585 Stucke
682 3531 742 3586 ibid.
767 3531 878 3587 XXXV.
897 3545 929 3600 45
950 3531 1032 3600 (Cod.
1053 3531 1146 3586 Ottob.
1167 3531 1257 3601 2603).
1294 3531 1373 3585 Auch
1397 3531 1439 3584 die
1463 3529 1614 3585 Bibliothek
1633 3529 1715 3602 Cbigi

443 3620 538 3674 besitzt
561 3618 641 3678 L.11.
667 3633 771 3684 22-24
794 3619 854 3673 eine
877 3618 1054 3691 vollstindige
1080 3619 1223 3674 Abschrift.
1261 3619 1290 3672 In
1315 3619 1396 3674 Arch.
1412 3618 1498 3674 Vatic.
1523 3618 1626 3672 enthih
1649 3619 1714 3672 Dia-

444 3707 543 3760 riorum
562 3715 651 3760 tomus
670 3707 729 3762 XII.
749 3706 827 3760 Blasii
847 3707 952 3778 Rarony
971 3706 1005 3761 de
1023 3706 1178 3761 Martinellis
1203 3707 1322 3761 Diarium
1347 3708 1380 3761 ab
1399 3723 1470 3760 anno
1493 3709 1559 3776 1518
1583 3707 1617 3761 ad
1637 3721 1715 3776 1534,

444 3795 581 3865 eleganter
599 3795 673 3848 Band
695 3812 742 3848 aus
761 3795 823 3848 dem
843 3793 968 3848 Nachlass
989 3795 1036 3848 des
1055 3795 1175 3866 Herzogs
1194 3796 1330 3867 Joharmes
1349 3795 1472 3866 Angelus
1491 3812 1545 3849 von
1564 3793 1714 3866 Altaemps‚

443 3880 579 3935 Abschrist
597 3899 644 3935 aus
663 3881 724 3936 dem
746 3898 785 3951 17.
803 3882 921 3954 Jahrlidt.
959 3884 1084 3955 Auszbge
1103 3901 1149 3936 aus
1168 3884 1230 3937 dem
1249 3884 1369 3937 Diarium
1388 3884 1415 3936 in
1428 3883 1514 3938 Codd.
1529 3884 1615 3938 Vatis.
1635 3899 1715 3953 7150,

444 3969 537 4024 Ottob.
558 3983 639 4039 24775
658 3969 782 4042 dagegen
801 3968 869 4024 muss
889 3970 930 4024 die
945 3971 1058 4042 Aogabe
1078 3972 1119 4025 bei
1139 3971 1336 4039 Gairdner,V1.
1357 3989 1381 4042 p.
1401 3971 1453 4026 681
1473 3989 1528 4026 von
1547 3973 1636 4025 einem
1651 3971 1715 4025 Ori-

443 4057 514 4129 ginal
541 4058 567 4110 in
591 4057 659 4112 Cod.
674 4057 758 4111 Vatic.
781 4059 845 4126 1885
867 4057 940 4110 wohl
966 4057 1014 4111 aus
1035 4059 1122 4112 einem
1148 4059 1243 4112 lrrtum
1269 4058 1396 4112 beruhen.
1438 4059 1491 4113 Die
1515 4059 1645 4124 Notizen‚
1671 4060 1715 4113 die

444 4145 574 4198 Gairdner
597 4162 643 4198 aus
668 4145 718 4199 den
738 4145 815 4199 vatilr.
831 4144 967 4216 Vorlagen
991 4145 1076 4216 giebt,
1098 4146 1156 4200 sind
1175 4145 1281 4217 durstig.
1318 4146 1621 4219 Vergl.i1berliiagio:
1642 4147 1715 4202 Gae-

444 4241 507 4286 tano
526 4231 666 4299 Giordani,
690 4233 767 4287 Delia
786 4243 883 4288 venula
907 4242 956 4288 etc.
977 4233 1048 4288 Note
1070 4249 1126 4302 354.
1165 4234 1226 4288 Von
1250 4235 1306 4288 ihm
1329 4235 1429 4289 11111111
1448 4235 1542 4290 Vasari
1568 4235 1593 4290 in
1620 4237 1715 4290 seinen

443 4320 762 4392 Kirnstlerbiographieen
780 4322 835 4390 (14.
856 4340 881 4393 p.
899 4321 959 4386 426.
979 4322 1102 4394 Venedig
1124 4324 1203 4395 1829)
1223 4322 1265 4377 die
1284 4323 1415 4378 belrannte
1433 4324 1585 4392 Anelrdote‚
1609 4323 1666 4379 dass
1686 4342 1716 4379 er

338 4446 548 4456 --————

445 4540 454 4568 ¹
473 4532 499 4584 S.
519 4532 589 4584 oben
608 4531 654 4584 Nr.
676 4547 732 4600 ¹35·
771 4531 891 4585 Oktober
909 4532 943 4585 ist
961 4532 1055 4586 lrrtum
1078 4541 1141 4587 statt
1159 4533 1325 4605 September,
1350 4545 1403 4590 erst
1422 4541 1513 4607 spiter
1533 4537 1561 4590 in
1580 4535 1642 4590 Pisa
1660 4537 1716 4591 und

338 4600 471 4655 Marseille
490 4600 582 4654 wurde
601 4600 647 4654 der
666 4601 776 4655 Termin
795 4602 1053 4674 hinausgesehoben.

444 4677 455 4708 ²
472 4669 577 4724 Blosius
590 4670 727 4737 Palladius,
745 4671 867 4726 Sekretatr
886 4673 938 4725 und
951 4671 1116 4744 Nachfolger
1134 4673 1256 4729 Sadolets
1275 4675 1317 4730 bei
1331 4675 1460 4731 Clemens
1471 4677 1539 4746 VII,
1559 4695 1614 4732 von
1627 4678 1716 4734 Palla-

339 4740 427 4793 vicino
446 4739 504 4809 (III.
524 4758 546 4794 c.
568 4742 613 4808 14)
631 4740 684 4794 und
702 4741 776 4794 wohl
800 4742 867 4795 auch
885 4759 939 4796 von
958 4742 1165 4812 Gairdner(V1.
1190 4763 1215 4816 p.
1234 4744 1300 4815 682)
1319 4747 1367 4800 mit
1391 4764 1516 4802 unserem
1536 4748 1640 4803 blasius
1660 4767 1717 4805 von

340 4809 445 4863 Cesena
463 4809 648 4864 verwechselt.

446 4885 456 4918 ³
473 4869 547 4933 Uber
566 4879 737 4952 Capisuccbis
750 4879 913 4952 Vertretung
931 4882 1013 4936 durch
1032 4885 1180 4940 Simonetta
1199 4904 1219 4941 s.
1239 4888 1310 4943 oben
1329 4889 1355 4941 S.
1379 4902 1425 4957 125
1447 4889 1501 4942 und
1521 4904 1582 4960 115.
