3782 5532
347 342 387 406 92
1564 350 1619 404 Mai
1641 365 1715 421 1529.

344 511 585 602 praeiudicium,
613 537 693 602 quae
716 513 910 602 petebantur.
956 513 1027 579 Hor
1049 511 1171 593 vedasi,
1199 535 1234 578 se
1256 511 1432 598 parimente
1455 533 1572 577 ancora
1598 532 1665 576 non
1690 511 1716 576 si

345 618 447 706 potria
475 616 556 701 dire,
585 619 643 686 che
671 620 693 686 il
719 619 815 687 luoco
847 643 913 686 non
942 620 987 686 sia
1015 616 1115 685 caldo.
1166 616 1361 684 Finalmente
1390 639 1457 684 non
1484 618 1647 704 partirono
1678 615 1717 684 da

345 724 376 790 S.
401 725 458 807 M„
487 723 598 792 ch'ella
621 727 650 792 in
676 749 801 793 summa
824 725 863 792 ad
886 723 1035 792 amendui
1059 723 1156 791 disse:
1185 722 1259 790 Sitis
1282 722 1360 790 mihi
1388 720 1466 790 honi
1488 723 1579 789 amici
1603 733 1635 790 et
1658 724 1718 790 mi-

345 832 495 898 seremini
519 833 593 898 mei.

451 935 490 1003 Et
516 935 547 1003 di
576 937 675 1004 molte
706 937 782 1006 altre
809 937 932 1025 parole,
964 937 1022 1003 che
1047 934 1153 1024 eglino
1184 934 1291 1001 hanno
1321 934 1438 1002 havuto
1469 957 1531 1001 con
1558 934 1590 1001 S.
1614 934 1660 1001 M.
1686 946 1719 1003 et

345 1042 440 1109 Rm0.
465 1043 599 1109 insieme
627 1053 658 1110 et
681 1042 768 1131 dipoi
796 1065 858 1111 con
882 1042 913 1109 S.
938 1041 969 1109 S.
994 1041 1085 1110 Rma.
1109 1051 1374 1129 separatamente,
1403 1062 1471 1106 non
1498 1037 1567 1107 diro
1595 1040 1677 1108 altro
1702 1064 1719 1107 a

345 1148 386 1215 V.
402 1147 445 1230 S.,
469 1147 585 1234 perche
602 1147 640 1214 da
657 1171 699 1214 m.
716 1148 891 1215 francesco
912 1151 980 1215 sarh
995 1147 1206 1235 ragguagliata
1223 1145 1273 1214 del
1288 1156 1371 1214 tutto
1377 1171 1387 1228 ;
1416 1149 1457 1212 ne
1475 1143 1580 1214 havrei
1596 1147 1719 1234 scripto

344 1265 445 1335 tanto,
474 1277 507 1320 se
532 1277 599 1320 non
623 1253 681 1320 che
709 1253 752 1342 gli
781 1255 888 1321 hanno
913 1252 1011 1336 detto,
1042 1253 1100 1320 che
1123 1251 1278 1340 vogliono
1307 1251 1365 1319 che
1393 1251 1436 1318 lui
1466 1253 1590 1340 expecti
1619 1275 1720 1319 ancor

345 1359 476 1447 qualche
498 1361 627 1446 giorn0‚
651 1371 683 1426 et
707 1359 767 1447 egli
792 1364 809 1427 ὲ
832 1362 865 1426 iu
890 1358 1046 1427 desiderio
1071 1359 1101 1426 di
1125 1360 1249 1446 partire,
1274 1368 1305 1425 et
1327 1380 1401 1445 pare
1420 1381 1437 1424 a
1454 1381 1517 1439 me,
1541 1357 1600 1425 che
1624 1381 1721 1446 possa

344 1465 453 1531 venire
478 1477 508 1532 et
524 1487 591 1531 non
608 1477 742 1553 aspettar
764 1467 828 1554 piri.
875 1465 956 1534 Pero
974 1464 1124 1532 dovendo
1148 1467 1180 1531 io
1198 1486 1283 1532 esser
1299 1462 1430 1530 domani
1452 1486 1470 1530 a
1486 1462 1719 1532 Ricciamondo

345 1568 396 1636 col
420 1570 514 1638 Rmo.
531 1568 741 1652 Eboracense,
765 1569 832 1637 faro
850 1593 956 1660 opera,
981 1571 1095 1658 ch’egli
1118 1593 1212 1658 possa
1231 1571 1414 1652 venirsene;
1448 1593 1481 1637 se
1506 1593 1583 1652 non,
1607 1580 1721 1658 questa

345 1678 434 1742 verr'a
457 1697 520 1742 con
543 1699 587 1741 m.
612 1675 763 1743 Silvestro
787 1677 896 1759 Dario,
920 1677 942 1743 il
965 1677 1055 1766 quale
1079 1677 1187 1743 hanno
1209 1676 1382 1744 licentiato,

450 1780 568 1869 Signor
598 1783 680 1864 nilo,
711 1783 755 1848 mi
786 1794 907 1850 restava
938 1806 956 1849 a
985 1782 1051 1851 dire
1084 1781 1147 1849 del
1179 1794 1368 1850 mostrare
1401 1781 1436 1849 le
1468 1783 1545 1849 mie
1577 1781 1721 1850 lettere

346 1887 505 1976 qualche
528 1910 631 1968 cosa,
655 1889 736 1954 circa
759 1888 786 1955 le
803 1887 886 1977 quali
909 1889 1069 1970 scrivon0,
1093 1888 1151 1955 che
1169 1889 1209 1954 V.
1228 1889 1258 1955 S.
1284 1910 1350 1954 non
1366 1888 1488 1954 voleva.
1514 1887 1572 1954 che
1596 1889 1623 1954 si
1646 1910 1720 1954 mo·

346 1995 508 2074 strassino,
540 2011 571 2060 et
599 1993 716 2060 dicono
748 1993 875 2062 havervi
903 1992 992 2076 letto,
1021 1993 1080 2061 che
1104 2005 1234 2061 costoro
1263 2016 1455 2060 accrescono
1484 1993 1563 2079 ogni
1585 1993 1721 2059 minima

347 2097 453 2185 parola
477 2109 536 2166 etc.
574 2098 628 2164 Ma
644 2100 758 2181 vorrei,
783 2099 841 2166 che
863 2098 1183 2187 laSignoriaVostra
1206 2099 1244 2166 da
1267 2121 1301 2166 se
1325 2097 1553 2180 considerasse,
1577 2096 1662 2166 dove
1687 2099 1721 2165 io

346 2226 429 2270 sono
453 2205 540 2272 etin
564 2205 622 2272 che
645 2205 818 2292 maneggio
834 2203 961 2287 odioso,
986 2223 1016 2272 et
1039 2217 1158 2294 quanto
1182 2203 1393 2272 incommodo
1418 2216 1450 2272 et
1473 2205 1580 2271 danno
1604 2227 1721 2291 ponno

347 2332 473 2378 causare
496 2311 609 2378 cotesti
633 2309 722 2377 modi
745 2333 831 2378 ame
855 2322 887 2378 et
910 2310 966 2377 alla
983 2333 1084 2392 causa,
1109 2329 1140 2377 et
1164 2310 1234 2378 dall’
1254 2309 1333 2378 altro
1358 2329 1463 2392 canto,
1487 2322 1606 2398 quanto
1631 2332 1720 2397 poco

345 2413 454 2497 frutto,
482 2415 551 2482 anzi
574 2427 693 2504 quanto
722 2414 884 2483 disordine
906 2440 1002 2505 possa
1024 2417 1165 2504 seguire‚
1198 2416 1281 2484 dove
1306 2429 1436 2485 costoro
1459 2415 1643 2484 m'habbino
1668 2439 1722 2483 so-

346 2533 451 2609 spetto
476 2540 506 2588 et
530 2523 676 2609 pensiuo‚
705 2521 790 2589 ch'io
819 2522 868 2589 dia
896 2521 966 2589 loro
995 2521 1111 2611 parole.
1162 2523 1198 2590 Io
1228 2547 1269 2590 ne
1297 2522 1341 2590 ho
1368 2534 1458 2590 tanto
1487 2521 1658 2610 dispiacere
1690 2535 1722 2590 et

346 2624 473 2709 dolore,
502 2629 560 2695 che
583 2651 651 2695 non
675 2651 770 2716 possa
799 2627 940 2716 parlarne
963 2629 1026 2715 pih.
1074 2630 1113 2695 V.
1138 2629 1169 2696 S.
1194 2631 1220 2696 si
1249 2628 1364 2696 ricordi
1393 2629 1478 2696 ch’io
1502 2650 1585 2695 sono
1609 2629 1662 2716 qui
1689 2647 1721 2696 et

345 2755 413 2799 non
435 2756 518 2800 sono
535 2733 645 2802 inutile
667 2735 821 2802 servitore
845 2733 878 2801 di
893 2733 955 2801 Sua
971 2735 1089 2803 Santiti
1113 2746 1144 2802 et
1167 2734 1198 2802 di
1215 2734 1316 2824 quella
1339 2746 1428 2803 santa
1443 2732 1525 2802 Sede
1548 2757 1607 2822 pro
1624 2752 1721 2821 captu

345 2861 432 2920 men,
456 2852 487 2907 et
502 2841 546 2907 mi
570 2839 808 2907 raccommandi
830 2839 880 2907 alli
895 2841 1066 2907 santissimi
1089 2839 1173 2929 piedi
1196 2839 1228 2908 di
1243 2841 1285 2908 N.
1303 2840 1440 2928 Signore
1463 2853 1494 2908 et
1517 2863 1584 2908 ase
1606 2851 1719 2908 stessa.

344 2942 368 3009 ll
392 2956 478 3012 resto
502 2944 568 3012 dira
591 2969 634 3012 m.
658 2945 834 3014 Francesco
858 2945 886 3013 al
908 2969 968 3014 suo
992 2947 1137 3015 arrivare.

452 3051 525 3118 Con
553 3064 666 3140 questo
695 3051 808 3119 ultimo
839 3052 975 3119 corriere
1005 3075 1072 3120 non
1102 3053 1129 3119 ci
1161 3075 1244 3120 sono
1273 3062 1351 3120 state
1382 3051 1492 3119 lettere
1522 3074 1579 3139 per
1608 3075 1661 3118 me
1687 3051 1720 3119 di

345 3156 386 3223 V.
410 3155 442 3222 S.
481 3155 575 3238 Quae
598 3155 671 3224 felix
694 3156 804 3225 valeat.

450 3277 599 3362 Londini‚
624 3299 675 3347 20.
700 3281 773 3347 maii
801 3299 895 3365 1529.

368 3389 371 3396 '
954 3386 994 3452 D.
1019 3386 1060 3452 V.
1084 3385 1115 3452 S.

827 3509 883 3576 Uti
906 3507 987 3576 filius
1012 3507 1225 3578 deditissimus

1247 3633 1282 3699 L.
1307 3634 1380 3701 Car.
1405 3633 1608 3721 Campegius.

556 3825 641 3880 Nunz.
655 3826 682 3879 di
695 3825 785 3880 Germ.
803 3841 813 3894 5
820 3841 841 3896 3,
861 3825 1043 3895 l.178-184,
1064 3826 1080 3880 f.
1097 3842 1147 3898 179
1166 3827 1255 3882 u.180
1272 3827 1332 3880 sind
1350 3825 1552 3897 eingeschaltet‚
1571 3825 1618 3881 auf
1634 3826 1719 3898 f·179

451 3915 521 3967 steht
540 3913 582 3966 die
601 3913 758 3984 Auflosung
776 3912 823 3967 der
840 3913 1056 3982 Geheimschrift,
1075 3915 1148 3968 nicht
1167 3931 1234 3985 ganz
1253 3915 1325 3969 ohne
1344 3913 1447 3970 Fehler.
1477 3913 1653 3986 Eingelaufen
1673 3932 1718 3968 am

451 4015 492 4055 21.
512 4000 580 4072 Juni.
617 4001 666 4055 Ein
689 4001 790 4056 hleines
815 4001 978 4055 Bruchstuclr
1001 4003 1045 4056 bei
1063 4002 1213 4070 Laemmm,
1236 4021 1261 4074 p.
1284 4019 1324 4073 33,
1343 4021 1368 4057 n.
1389 4019 1430 4074 27,
1453 4001 1500 4057 das
1524 4002 1615 4057 Ganze
1640 4011 1719 4057 noter

451 4089 512 4143 dem
537 4090 657 4160 einzigen
676 4090 776 4144 Datum
801 4106 864 4144 vom
889 4105 930 4146 ao.
949 4089 1003 4144 Mai
1027 4092 1069 4144 bei
1088 4089 1213 4159 Theiner,
1234 4109 1258 4162 p.
1281 4092 1485 4160 577-581mit
1508 4091 1718 4146 verschiedenen

451 4177 701 4250 Ungenaulgheiten
725 4178 779 4232 und
796 4177 1013 4249 Auslassungen;
1043 4178 1139 4232 einmal
1166 4180 1199 4232 ist
1217 4179 1301 4233 durch
1324 4179 1369 4233 das
1394 4179 1519 4251 doppelte
1532 4179 1718 4234 Vorlrommen

451 4265 497 4320 des
517 4265 636 4320 Namens
654 4266 795 4320 Malatesta
813 4266 877 4320 alles
896 4266 1161 4338 Zwischenliegende
1180 4267 1363 4338 ubergangen.

554 4353 607 4408 Die
626 4353 677 4409 den
696 4353 853 4426 englischen
867 4353 1022 4409 Gesandten
1041 4354 1219 4427 vorgelegten
1237 4355 1324 4409 Briele
1340 4357 1524 4428 Campeggios
1543 4357 1651 4410 konnen
1668 4374 1718 4410 nur

450 4443 546 4496 dessen
570 4443 714 4497 Schreiben
738 4460 802 4497 vom
824 4445 871 4512 314.
895 4442 969 4514 April
993 4459 1122 4515 gervesen
1145 4444 1215 4510 sein,
1240 4444 1273 4498 da
1297 4443 1343 4498 der
1361 4445 1486 4499 Kardinal
1510 4463 1560 4498 nur
1584 4444 1644 4498 dort
1663 4462 1717 4499 eon

450 4531 552 4585 seinem
571 4531 624 4585 und
643 4531 794 4603 Campanas
808 4530 953 4585 Verhalten
979 4547 1068 4603 gegen
1093 4531 1219 4585 Heinrich
1244 4532 1298 4586 und
1317 4533 1430 4606 Wolsey
1450 4534 1556 4604 spricht.
1594 4533 1657 4587 Und
1675 4533 1716 4586 die

450 4620 558 4687 Worte,
583 4619 625 4673 die
644 4619 703 4674 dort
723 4620 830 4686 slehen,
856 4619 945 4673 lauten
964 4619 1106 4690 allerdings
1126 4636 1194 4690 ganz
1214 4619 1329 4675 entlemt
1347 4622 1421 4676 nicht
1439 4639 1479 4688 so,
1498 4622 1551 4675 wie
1570 4621 1612 4675 die
1632 4621 1716 4692 engli-

450 4708 534 4762 schen
553 4707 674 4762 Berichte
693 4724 739 4761 aus
759 4707 829 4762 Rom
848 4707 963 4778 glauben
982 4708 1096 4762 macheu
1115 4707 1235 4775 wollten‚
1259 4709 1374 4763 sondem
1395 4709 1445 4765 fast
1463 4709 1587 4765 wortlich
1605 4727 1645 4777 so,
1664 4711 1717 4763 wie

450 4796 492 4849 die
514 4795 682 4868 Verteidiger
706 4796 754 4850 des
779 4795 917 4849 Kardinals
943 4794 1228 4850 auseinandersetzten.
1270 4797 1295 4850 S.
1322 4799 1393 4851 oben
1419 4799 1444 4854 S.
1472 4798 1512 4868 76.
1554 4797 1606 4850 Die
1631 4797 1716 4851 Sache

450 4884 553 4937 scheint
572 4883 697 4954 subrigens
717 4883 802 4939 sehon
820 4883 930 4955 langere
949 4884 1003 4937 Zeit
1022 4885 1119 4940 vorher
1132 4882 1307 4956 Gegenstand
1325 4885 1530 4940 verschiedener
1546 4886 1715 4957 Korrespon-

450 4972 552 5025 denzen
575 4988 705 5044 gewesen
728 4989 759 5025 zu
783 4974 853 5040 sein,
878 4971 910 5026 da
929 4971 1099 5044 Campeggio
1118 4971 1239 5026 offenbar
1262 4974 1288 5026 in
1309 4973 1371 5027 dem
1394 4974 1553 5028 verlorenen
1572 4973 1716 5028 Sclueiben
