3796 5538
167 333 278 389 Summa
297 328 468 389 defensionis.
1477 311 1536 384 191

272 493 426 548 anaihemd
450 493 495 548 das
515 492 639 564 Richtige
663 489 771 559 trelien,
792 507 871 546 werin
891 489 940 546 wir
962 485 1009 546 das
1028 487 1182 547 Dokument
1206 489 1231 548 in
1257 490 1299 548 dle
1323 503 1411 548 ersten
1431 495 1540 552 Monate

272 584 319 638 des
332 583 425 655 Jahres
440 598 504 652 1533
527 582 662 652 verlegen.
694 582 749 635 Das
762 581 869 634 Naltere
889 580 954 634 sehe
967 599 1029 634 man
1049 582 1074 634 in
1088 582 1135 636 der
1147 582 1307 654 Einleitung.
1322 615 1354 623 -
1368 584 1418 638 Die
1432 584 1540 640 Grunde

273 688 362 744 gegen
381 671 423 724 die
438 671 584 742 Gultiglreit
603 670 650 724 der
664 669 852 741 Dispensbulle
871 669 961 740 Julius'
976 669 1009 725 11.
1029 669 1087 723 sind
1100 669 1289 740 grosstenteils,
1309 690 1368 725 zum
1382 672 1441 726 Teil
1461 690 1541 746 sogar

273 759 463 829 vollstaindiger
483 759 552 812 oben
572 761 598 812 in
617 759 664 813 Nr.
682 775 713 830 19
732 757 877 824 enthalten,
896 757 979 828 vergl.
999 759 1067 811 auch
1086 758 1132 812 Nr.
1152 760 1185 812 88
1205 777 1248 812 am
1268 759 1399 832 Anfange.
1438 762 1540 834 Bezitg·

156 871 161 880 ·
273 849 325 902 lich
344 849 390 902 des
410 849 498 902 Alters
517 847 657 901 Heinrichs
671 847 743 902 VIII.
762 847 804 900 bei
824 845 981 918 Ertvirkung
1000 847 1046 900 der
1065 847 1197 918 Dispense
1220 849 1257 902 sei
1277 849 1404 916 bemerlrt,
1424 849 1479 903 dass
1498 850 1541 904 die

273 937 348 991 Bulle
367 937 509 1009 allerdiugs
528 937 574 990 das
589 936 688 990 Datum
709 953 772 988 vom
792 935 833 990 26.
849 935 999 988 Dezember
1016 950 1080 1004 1505
1101 941 1179 1006 trigt,
1199 937 1261 990 aber
1280 937 1320 991 sur
1334 935 1457 992 Heinrich
1469 939 1539 994 Vlll.

273 1026 360 1079 sicher
383 1025 456 1079 nicht
475 1042 523 1078 vor
542 1025 616 1078 Ende
635 1025 682 1078 des
700 1024 793 1096 Jahres
817 1039 894 1092 1504,
915 1023 1136 1078 wahrscheinlich
1156 1034 1209 1078 erst
1228 1025 1336 1098 Anfang
1357 1041 1422 1096 1505
1444 1045 1540 1099 ausge-

274 1113 363 1184 lertigt
382 1114 434 1168 und
453 1113 588 1184 expediert
608 1113 708 1180 wurde,
728 1130 759 1166 so
777 1110 833 1166 dass
852 1111 908 1166 sich
926 1111 1052 1166 Heinrich
1071 1113 1143 1184 (geb.
1164 1131 1206 1167 am
1227 1114 1436 1187 1151111491)
1456 1116 1541 1170 sehon

274 1202 343 1256 stark
362 1202 423 1256 dem
439 1202 608 1256 uollendeten
626 1216 665 1266 14.
681 1201 759 1272 Jahre
779 1201 897 1254 nitherte.
928 1200 1018 1270 Vergl.
1034 1200 1077 1254 die
1090 1201 1233 1256 Schreiben
1254 1202 1461 1264 HeinrichsVll,
1478 1223 1540 1258 vom

275 1293 315 1345 28.
334 1290 490 1345 November
512 1305 578 1359 1504
601 1291 643 1344 bei
669 1289 789 1354 Pococlr,
816 1289 847 1344 ll.
867 1303 919 1360 429
937 1289 1131 1360 (Hergenroth,
1159 1291 1177 1344 l.
1198 1308 1222 1344 11.
1242 1293 1307 1358 414)
1327 1292 1380 1346 und
1396 1291 1488 1363 Julius’
1509 1294 1540 1347 11.

275 1397 337 1432 vom
358 1395 398 1433 22.
419 1379 533 1433 Februar
556 1395 619 1447 1505
642 1379 682 1430 bei
703 1377 814 1431 Herbert
835 1395 859 1448 p.
883 1393 939 1445 115,
959 1377 1065 1431 Pococh
1086 1378 1104 1432 l.
1126 1397 1149 1448 p.
1171 1395 1194 1448 7.

744 1661 830 1744 138.
883 1661 968 1744 139.

168 1841 300 1907 Summa
323 1838 517 1908 defensionis
542 1861 766 1926 eorumquae
791 1837 939 1905 adversus
961 1837 1094 1923 Angliae
1118 1861 1227 1926 regem
1250 1843 1421 1909 constituta
1445 1853 1540 1910 tuere.

843 1997 866 2064 1.

277 2139 485 2212 Rechisertigung
503 2140 545 2192 des
565 2138 897 2208 Ir'ouiumoainloersairrens
913 2157 994 2208 gagen
1015 2137 1137 2192 Heinrich
1156 2139 1178 2190 V
1179 2139 1226 2193 ill.

275 2280 376 2363 Quod
404 2294 489 2350 recte
518 2293 549 2349 et
571 2280 713 2368 legitime
737 2280 890 2348 Sanctitas
910 2281 1023 2347 Vestra
1053 2279 1226 2361 mandavit,
1255 2281 1341 2369 quod
1366 2281 1407 2349 ob
1432 2297 1543 2350 contu-

169 2390 305 2455 maciam
327 2389 413 2475 regis
437 2411 477 2456 eo
501 2388 630 2454 absente
655 2387 686 2452 in
712 2409 803 2454 causa
827 2384 1061 2474 procederetur.

276 2494 540 2582 praesupponunt
561 2494 646 2580 regis
670 2491 864 2574 defensores,
888 2491 976 2581 quod
1004 2505 1077 2560 ante
1105 2495 1233 2560 tertium
1258 2493 1446 2577 decretum,¹
1478 2519 1543 2584 quo

168 2601 318 2688 proximo
342 2602 408 2666 eius
433 2620 597 2667 excusator
625 2598 683 2667 fuit
706 2599 858 2688 repulsus,
887 2621 954 2665 non
978 2600 1117 2686 potuerit
1143 2622 1199 2666 rex
1228 2601 1309 2667 inter
1338 2614 1543 2670 contumaces

169 2706 286 2773 haberi.
332 2706 402 2774 Nos
427 2729 503 2774 vero
528 2705 737 2786 ostendimus,
761 2704 849 2794 quod
872 2716 943 2772 ante
969 2703 1042 2773 illud
1067 2707 1266 2773 contumacia
1289 2709 1372 2794 regis
1397 2708 1543 2797 multipli-

168 2815 247 2881 citer
271 2813 417 2880 convicta
441 2811 499 2880 fuit
521 2826 615 2902 atque
638 2811 801 2900 patefacta.

275 2920 360 2987 Nam
383 2921 487 3008 primo
512 2918 656 3000 dicimuS,
679 2917 766 3007 quod
791 2941 845 2984 rex
865 2929 1036 2985 contumax
1059 2916 1117 2985 tuit
1134 2919 1203 3006 ipso
1217 2917 1310 3002 facto,
1334 2919 1421 3009 quod
1440 2943 1544 3010 neque

168 3028 201 3092 in
225 3027 365 3093 termino
391 3024 515 3106 edicti,²
543 3048 602 3092 nec
627 3025 721 3091 etiam
750 3023 852 3091 multo
881 3037 953 3112 post
978 3044 1158 3112 expectatus
1187 3028 1363 3113 comparuit
1392 3047 1444 3095 aut
1471 3051 1544 3116 pro-

170 3144 350 3199 curatorem
374 3133 468 3199 misit.
516 3133 563 3199 Ac
587 3133 715 3198 unicum
740 3131 814 3199 illud
836 3128 974 3198 edictum
1000 3132 1073 3198 satis
1097 3129 1191 3198 fuisse
1216 3131 1253 3198 ad
1279 3155 1351 3200 eum
1376 3133 1409 3198 in
1433 3147 1544 3202 contu-

170 3238 270 3305 macia
295 3236 555 3305 constituendum
580 3237 686 3306 multis
710 3235 881 3305 rationibus
906 3236 1152 3304 demonstratur.

276 3345 346 3412 Nec
363 3346 466 3433 ipsum
490 3343 528 3411 ab
545 3344 601 3411 hac
619 3345 818 3412 contumacia
835 3344 975 3410 excusari
999 3344 1140 3430 potuisse
1156 3344 1291 3411 dicimus
1315 3368 1354 3411 eo
1370 3358 1544 3432 praetextu,

170 3450 257 3540 quod
274 3452 368 3518 sciret
392 3452 442 3518 hic
466 3450 585 3533 adesse,
609 3451 661 3540 qui
679 3470 802 3538 paratus
827 3461 909 3518 esset
933 3448 1019 3516 illum
1045 3473 1202 3533 excusare,
1227 3449 1314 3539 quod
1338 3449 1426 3518 nullo
1443 3451 1544 3520 modo

170 3581 357 3646 comparere
380 3570 551 3639 teneretur,
581 3574 649 3623 tum
673 3557 745 3645 quia
773 3553 987 3636 ostendimus,
1016 3553 1102 3644 quod
1130 3555 1247 3622 nullam
1276 3555 1450 3642 legitimam
1475 3581 1545 3625 cau-

170 3687 238 3731 sam
269 3663 375 3731 habuit
404 3660 568 3745 credendi,
597 3661 684 3752 quod
708 3661 745 3730 ab
768 3661 873 3751 aliquo
897 3663 965 3728 sine
989 3662 1055 3728 eius
1085 3661 1235 3728 mandato
1258 3675 1367 3750 posset
1395 3666 1545 3747 excusari,

170 3783 238 3838 tum
264 3772 336 3859 quia
359 3781 468 3838 natura
497 3791 607 3837 causae
631 3781 662 3836 et
685 3768 843 3836 citationis
872 3766 914 3834 illi
937 3767 1037 3835 factae
1060 3791 1127 3834 non
1156 3767 1341 3836 admittebat
1368 3770 1545 3858 simplicem

171 3879 419 3943 111111111011111.8
464 3874 501 3942 Et
525 3875 575 3942 hic
599 3873 759 3942 nonnullis
783 3872 966 3954 rationibus,
990 3872 1101 3962 quibus
1126 3895 1180 3940 rex
1204 3873 1281 3940 olim
1298 3876 1382 3942 visus
1407 3896 1453 3943 est
1470 3899 1547 3944 con·

170 3984 301 4050 trarium
331 3983 483 4062 sensisse,
512 3993 692 4069 opportune
721 3979 941 4068 respondetur.
988 3979 1168 4061 Postrem0,
1196 3981 1268 4068 quia
1296 3993 1463 4071 antequam
1492 4005 1546 4051 rex

281 4203 288 4232 ¹
312 4194 362 4247 Mit
385 4194 486 4248 diesem
510 4193 606 4247 dritten
630 4193 730 4246 Delrret
756 4193 789 4246 ist
807 4190 945 4246 entweder
970 4191 1016 4244 das
1040 4191 1213 4245 Monitorium
1233 4208 1294 4245 vom
1317 4208 1326 4245 1
1329 4207 1356 4315 H
1382 4192 1545 4262 November,

171 4267 257 4320 bezw.
278 4279 319 4334 23.
339 4265 489 4318 Dczember
506 4279 571 4332 1532
590 4264 718 4335 gemeint,
738 4263 803 4316 oder
822 4261 863 4316 die
879 4263 973 4316 Worte
992 4262 1079 4316 haben
1098 4261 1149 4316 den
1163 4263 1235 4328 Sinn,
1255 4261 1310 4316 dass
1355 4264 1455 4318 einrich
1474 4265 1544 4320 noch

172 4339 216 4420 ein
241 4336 333 4390 drittes
351 4335 404 4418 Mal
431 4353 491 4388 zum
509 4335 672 4388 Erscheinen
692 4335 718 4388 in
738 4333 808 4388 Rom
834 4333 902 4386 habe
922 4332 1102 4456 ausgesordert
1121 4333 1238 4416 werden¹
1249 4337 1366 4399 missen,
1386 4333 1437 4389 ehe
1456 4352 1546 4407 gegen

171 4409 218 4462 rhn
238 4417 407 4488 contumacia
421 4405 529 4476 geltend
548 4405 674 4476 gemacht
690 4405 797 4458 werden
817 4404 924 4458 konnte.
989 4421 1017 4457 as
1031 4402 1168 4474 Folgende
1187 4413 1264 4458 werst
1280 4405 1357 4457 mehr
1375 4403 1422 4458 aui
1437 4405 1546 4460 letztere

172 4477 301 4585 Anssass’u
302 4478 377 4602 1liash
378 4495 461 4601 iidilit
479 4548 512 4600 ist
531 4547 574 4600 die
594 4547 711 4601 Citation
729 4546 776 4600 des
796 4545 899 4614 Konigs
924 4545 1006 4599 durch
1024 4545 1120 4598 Paulus
1139 4545 1310 4616 Capisucchi,
1334 4545 1376 4600 die
1395 4547 1491 4601 bereits
1510 4549 1547 4602 im

171 4621 224 4692 Juli
244 4619 310 4673 oder
328 4619 371 4672 Au
393 4627 434 4672 ust
449 4633 524 4689 1529,
544 4617 713 4671 unmittelbar
731 4615 799 4670 nach
818 4617 865 4670 der
877 4615 1052 4686 Abberufung
1071 4615 1118 4669 des
1131 4616 1272 4670 Prozcsses
1292 4633 1325 4669 an
1344 4616 1386 4671 die
1407 4617 1486 4673 Kurie
1506 4635 1545 4673 er-

173 4690 269 4762 folgte.
307 4690 363 4743 Der
407 4689 492 4743 ermin
516 4687 562 4742 der
586 4687 716 4755 Citation‚
741 4688 788 4741 der
807 4687 1028 4741 wahrscheinlich
1052 4686 1100 4740 auf
1119 4686 1227 4760 Anfmrg
1247 4685 1368 4741 Oktober
1393 4687 1548 4760 iestgesetzt

173 4779 238 4828 war,
258 4759 350 4813 wurde
370 4777 432 4814 vom
452 4759 549 4831 Papste
569 4757 1055 4828 1111111111111111111111111111111519
1074 4757 1332 4828 hinausgeschoben.
1370 4759 1396 4813 S.
1416 4760 1486 4814 oben
1505 4761 1547 4814 die

173 4833 220 4887 Nr.
240 4830 336 4957 621631.
355 4903 425 4955 011111
444 4902 512 4956 Acta
527 4902 635 4957 consist.
655 4917 718 4955 vom
736 4915 775 4954 12.
791 4898 904 4954 Februar
920 4915 994 4969 1531,
1014 4898 1094 4966 Note,
1114 4899 1166 4953 und
1184 4900 1236 4953 den
1250 4899 1336 4952 Inhalt
1356 4899 1402 4954 des
1418 4901 1548 4956 Dekretes

174 4991 239 5026 vom
259 4975 282 5026 8.
303 4972 353 5044 Juli
376 4989 449 5042 1532,
470 4972 541 5027 oben
560 4973 585 5027 S.
606 4987 664 5028 111.
