<?xml version="1.0" encoding="UTF-8"?>
<!DOCTYPE html PUBLIC "-//W3C//DTD XHTML 1.0 Transitional//EN"
    "http://www.w3.org/TR/xhtml1/DTD/xhtml1-transitional.dtd">
<html xmlns="http://www.w3.org/1999/xhtml" xml:lang="en" lang="en">
 <head>
  <title>
</title>
<meta http-equiv="Content-Type" content="text/html;charset=utf-8" />
  <meta name='ocr-system' content='tesseract 3.04.00' />
  <meta name='ocr-capabilities' content='ocr_page ocr_carea ocr_par ocr_line ocrx_word'/>
</head>
<body>
  <div class='ocr_page' id='page_1' title='image "./rmischedokument00ehsegoog_0176.png"; bbox 0 0 3810 5528; ppageno 0'>
   <div class='ocr_carea' id='block_1_1' title="bbox 189 299 1555 391">
    <p class='ocr_par' dir='ltr' id='par_1_1' title="bbox 189 299 1555 391">
     <span class='ocr_line' id='line_1_1' title="bbox 189 299 1555 391; baseline -0.004 -17"><span class='ocrx_word' id='word_1_1' title='bbox 189 335 254 391; x_wconf 85' lang='lat'>1529</span> <span class='ocrx_word' id='word_1_2' title='bbox 273 320 332 391; x_wconf 90' lang='lat' dir='ltr'>Juli.</span> <span class='ocrx_word' id='word_1_3' title='bbox 1494 299 1555 361; x_wconf 69' lang='lat'>123</span> 
     </span>
    </p>
   </div>
   <div class='ocr_carea' id='block_1_2' title="bbox 182 468 1557 4803">
    <p class='ocr_par' dir='ltr' id='par_1_2' title="bbox 182 468 1557 2896">
     <span class='ocr_line' id='line_1_2' title="bbox 186 468 1556 567; baseline -0.007 -21"><span class='ocrx_word' id='word_1_4' title='bbox 186 491 313 548; x_wconf 88' lang='lat' dir='ltr'>naturae</span> <span class='ocrx_word' id='word_1_5' title='bbox 338 479 485 547; x_wconf 89' lang='lat' dir='ltr'>inductae</span> <span class='ocrx_word' id='word_1_6' title='bbox 508 477 649 560; x_wconf 78' lang='lat' dir='ltr'>fixerunt,</span> <span class='ocrx_word' id='word_1_7' title='bbox 679 480 807 567; x_wconf 91' lang='lat' dir='ltr'>ipsaque</span> <span class='ocrx_word' id='word_1_8' title='bbox 830 490 939 545; x_wconf 87' lang='lat' dir='ltr'>natura</span> <span class='ocrx_word' id='word_1_9' title='bbox 963 474 1071 556; x_wconf 88' lang='lat' dir='ltr'>docet,</span> <span class='ocrx_word' id='word_1_10' title='bbox 1096 472 1245 542; x_wconf 89' lang='lat' dir='ltr'>omnibus</span> <span class='ocrx_word' id='word_1_11' title='bbox 1268 470 1478 540; x_wconf 86' lang='lat' dir='ltr'>animantibus</span> <span class='ocrx_word' id='word_1_12' title='bbox 1503 468 1556 538; x_wconf 91' lang='lat' dir='ltr'>de·</span> 
     </span>
     <span class='ocr_line' id='line_1_3' title="bbox 185 579 1555 652; baseline -0.005 -1"><span class='ocrx_word' id='word_1_13' title='bbox 185 583 367 652; x_wconf 80' lang='lat' dir='ltr'>sensionem</span> <span class='ocrx_word' id='word_1_14' title='bbox 395 584 501 652; x_wconf 87' lang='lat' dir='ltr'>deberi</span> <span class='ocrx_word' id='word_1_15' title='bbox 524 596 555 651; x_wconf 90' lang='lat' dir='ltr'>et</span> <span class='ocrx_word' id='word_1_16' title='bbox 582 608 648 651; x_wconf 91' lang='lat' dir='ltr'>non</span> <span class='ocrx_word' id='word_1_17' title='bbox 673 584 750 651; x_wconf 89' lang='lat' dir='ltr'>tolli.</span> <span class='ocrx_word' id='word_1_18' title='bbox 797 583 834 650; x_wconf 91' lang='lat' dir='ltr'>Et</span> <span class='ocrx_word' id='word_1_19' title='bbox 858 606 931 649; x_wconf 89' lang='lat' dir='ltr'>cum</span> <span class='ocrx_word' id='word_1_20' title='bbox 955 580 1070 650; x_wconf 92' lang='lat' dir='ltr'>devota</span> <span class='ocrx_word' id='word_1_21' title='bbox 1093 581 1254 648; x_wconf 87' lang='lat' dir='ltr'>Sanctitati</span> <span class='ocrx_word' id='word_1_22' title='bbox 1278 580 1411 646; x_wconf 82' lang='lat' dir='ltr'>Vestrae</span> <span class='ocrx_word' id='word_1_23' title='bbox 1440 579 1555 644; x_wconf 83' lang='lat' dir='ltr'>oratrix</span> 
     </span>
     <span class='ocr_line' id='line_1_4' title="bbox 185 683 1556 778; baseline -0.006 -20"><span class='ocrx_word' id='word_1_24' title='bbox 185 691 356 759; x_wconf 89' lang='lat' dir='ltr'>Cathetina</span> <span class='ocrx_word' id='word_1_25' title='bbox 380 692 488 778; x_wconf 90' lang='lat' dir='ltr'>regina</span> <span class='ocrx_word' id='word_1_26' title='bbox 504 690 637 777; x_wconf 83' lang='lat' dir='ltr'>Angliae</span> <span class='ocrx_word' id='word_1_27' title='bbox 661 713 733 756; x_wconf 91' lang='lat' dir='ltr'>cum</span> <span class='ocrx_word' id='word_1_28' title='bbox 757 688 801 756; x_wconf 90' lang='lat' dir='ltr'>Ill.</span> <span class='ocrx_word' id='word_1_29' title='bbox 826 689 967 755; x_wconf 89' lang='lat' dir='ltr'>Henrico</span> <span class='ocrx_word' id='word_1_30' title='bbox 991 710 1066 775; x_wconf 90' lang='lat' dir='ltr'>rege</span> <span class='ocrx_word' id='word_1_31' title='bbox 1085 685 1219 773; x_wconf 81' lang='lat' dir='ltr'>Angliae</span> <span class='ocrx_word' id='word_1_32' title='bbox 1243 685 1274 751; x_wconf 93' lang='lat' dir='ltr'>in</span> <span class='ocrx_word' id='word_1_33' title='bbox 1298 683 1406 751; x_wconf 88' lang='lat' dir='ltr'>favore</span> <span class='ocrx_word' id='word_1_34' title='bbox 1430 696 1556 751; x_wconf 87' lang='lat' dir='ltr'>sanctae</span> 
     </span>
     <span class='ocr_line' id='line_1_5' title="bbox 183 787 1555 882; baseline -0.005 -20"><span class='ocrx_word' id='word_1_35' title='bbox 183 797 292 864; x_wconf 88' lang='lat' dir='ltr'>matris</span> <span class='ocrx_word' id='word_1_36' title='bbox 321 797 470 864; x_wconf 86' lang='lat' dir='ltr'>ecclesiae</span> <span class='ocrx_word' id='word_1_37' title='bbox 499 797 737 864; x_wconf 82' lang='lat' dir='ltr'><strong>matrimonium</strong></span> <span class='ocrx_word' id='word_1_38' title='bbox 762 817 817 882; x_wconf 93' lang='lat' dir='ltr'>per</span> <span class='ocrx_word' id='word_1_39' title='bbox 840 792 934 862; x_wconf 90' lang='lat' dir='ltr'>verba</span> <span class='ocrx_word' id='word_1_40' title='bbox 963 792 1001 860; x_wconf 92' lang='lat' dir='ltr'>de</span> <span class='ocrx_word' id='word_1_41' title='bbox 1025 793 1181 880; x_wconf 80' lang='lat' dir='ltr'>praesenti</span> <span class='ocrx_word' id='word_1_42' title='bbox 1209 787 1408 878; x_wconf 89' lang='lat' dir='ltr'>praeambula</span> <span class='ocrx_word' id='word_1_43' title='bbox 1431 787 1555 876; x_wconf 92' lang='lat' dir='ltr'>dispen-</span> 
     </span>
     <span class='ocr_line' id='line_1_6' title="bbox 182 895 1554 989; baseline -0.005 -21"><span class='ocrx_word' id='word_1_44' title='bbox 182 903 307 970; x_wconf 85' lang='lat' dir='ltr'>satione</span> <span class='ocrx_word' id='word_1_45' title='bbox 331 901 505 989; x_wconf 89' lang='lat' dir='ltr'>apostolica</span> <span class='ocrx_word' id='word_1_46' title='bbox 520 899 661 988; x_wconf 86' lang='lat' dir='ltr'>legitime</span> <span class='ocrx_word' id='word_1_47' title='bbox 678 901 868 968; x_wconf 85' lang='lat' dir='ltr'>contraxerit</span> <span class='ocrx_word' id='word_1_48' title='bbox 884 896 1022 989; x_wconf 90' lang='lat' dir='ltr'>illudque</span> <span class='ocrx_word' id='word_1_49' title='bbox 1045 897 1158 964; x_wconf 90' lang='lat' dir='ltr'>carnali</span> <span class='ocrx_word' id='word_1_50' title='bbox 1175 897 1287 985; x_wconf 89' lang='lat' dir='ltr'>copula</span> <span class='ocrx_word' id='word_1_51' title='bbox 1310 895 1554 977; x_wconf 89' lang='lat' dir='ltr'>consumaverit,</span> 
     </span>
     <span class='ocr_line' id='line_1_7' title="bbox 182 999 1556 1096; baseline -0.006 -21"><span class='ocrx_word' id='word_1_52' title='bbox 182 1008 270 1096; x_wconf 92' lang='lat' dir='ltr'>prole</span> <span class='ocrx_word' id='word_1_53' title='bbox 296 1006 411 1076; x_wconf 92' lang='lat' dir='ltr'>deinde</span> <span class='ocrx_word' id='word_1_54' title='bbox 435 1024 589 1094; x_wconf 88' lang='lat' dir='ltr'>suscepta,</span> <span class='ocrx_word' id='word_1_55' title='bbox 613 1018 644 1073; x_wconf 92' lang='lat' dir='ltr'>et</span> <span class='ocrx_word' id='word_1_56' title='bbox 667 1008 700 1072; x_wconf 94' lang='lat' dir='ltr'>in</span> <span class='ocrx_word' id='word_1_57' title='bbox 724 1003 839 1073; x_wconf 90' lang='lat' dir='ltr'>eodem</span> <span class='ocrx_word' id='word_1_58' title='bbox 864 1006 1070 1073; x_wconf 88' lang='lat' dir='ltr'>matrimonio</span> <span class='ocrx_word' id='word_1_59' title='bbox 1093 1026 1150 1092; x_wconf 90' lang='lat' dir='ltr'>per</span> <span class='ocrx_word' id='word_1_60' title='bbox 1165 1003 1273 1070; x_wconf 90' lang='lat' dir='ltr'>XVIII</span> <span class='ocrx_word' id='word_1_61' title='bbox 1296 1024 1398 1068; x_wconf 90' lang='lat' dir='ltr'>annos</span> <span class='ocrx_word' id='word_1_62' title='bbox 1422 1013 1453 1068; x_wconf 90' lang='lat' dir='ltr'>et</span> <span class='ocrx_word' id='word_1_63' title='bbox 1477 999 1556 1068; x_wconf 88' lang='lat' dir='ltr'>ultra</span> 
     </span>
     <span class='ocr_line' id='line_1_8' title="bbox 182 1107 1555 1202; baseline -0.005 -21"><span class='ocrx_word' id='word_1_64' title='bbox 182 1113 314 1202; x_wconf 88' lang='lat' dir='ltr'>pacifice</span> <span class='ocrx_word' id='word_1_65' title='bbox 343 1125 374 1181; x_wconf 89' lang='lat' dir='ltr'>et</span> <span class='ocrx_word' id='word_1_66' title='bbox 397 1114 502 1202; x_wconf 91' lang='lat' dir='ltr'>quiete</span> <span class='ocrx_word' id='word_1_67' title='bbox 529 1114 738 1200; x_wconf 89' lang='lat' dir='ltr'>permanserit</span> <span class='ocrx_word' id='word_1_68' title='bbox 766 1115 872 1201; x_wconf 90' lang='lat' dir='ltr'>sicque</span> <span class='ocrx_word' id='word_1_69' title='bbox 900 1133 993 1200; x_wconf 91' lang='lat' dir='ltr'>super</span> <span class='ocrx_word' id='word_1_70' title='bbox 1021 1110 1136 1179; x_wconf 91' lang='lat' dir='ltr'>eodem</span> <span class='ocrx_word' id='word_1_71' title='bbox 1169 1109 1374 1176; x_wconf 90' lang='lat' dir='ltr'>matrimonio</span> <span class='ocrx_word' id='word_1_72' title='bbox 1403 1107 1555 1197; x_wconf 88' lang='lat' dir='ltr'>proleque</span> 
     </span>
     <span class='ocr_line' id='line_1_9' title="bbox 182 1213 1555 1308; baseline -0.006 -21"><span class='ocrx_word' id='word_1_73' title='bbox 182 1218 368 1287; x_wconf 88' lang='lat' dir='ltr'>huiusmodi</span> <span class='ocrx_word' id='word_1_74' title='bbox 392 1218 552 1286; x_wconf 88' lang='lat' dir='ltr'>molestari</span> <span class='ocrx_word' id='word_1_75' title='bbox 586 1218 814 1308; x_wconf 88' lang='lat' dir='ltr'>inquietarique</span> <span class='ocrx_word' id='word_1_76' title='bbox 845 1219 978 1284; x_wconf 90' lang='lat' dir='ltr'>minime</span> <span class='ocrx_word' id='word_1_77' title='bbox 1002 1215 1177 1284; x_wconf 89' lang='lat' dir='ltr'>debuisset:</span> <span class='ocrx_word' id='word_1_78' title='bbox 1211 1213 1419 1282; x_wconf 88' lang='lat' dir='ltr'>nihilominus</span> <span class='ocrx_word' id='word_1_79' title='bbox 1448 1225 1555 1280; x_wconf 89' lang='lat' dir='ltr'>tamen</span> 
     </span>
     <span class='ocr_line' id='line_1_10' title="bbox 182 1319 1555 1412; baseline -0.004 -21"><span class='ocrx_word' id='word_1_80' title='bbox 182 1325 345 1392; x_wconf 90' lang='lat' dir='ltr'>Dominus</span> <span class='ocrx_word' id='word_1_81' title='bbox 375 1325 531 1391; x_wconf 89' lang='lat' dir='ltr'>Henricus</span> <span class='ocrx_word' id='word_1_82' title='bbox 563 1346 617 1391; x_wconf 91' lang='lat' dir='ltr'>rex</span> <span class='ocrx_word' id='word_1_83' title='bbox 649 1324 804 1412; x_wconf 88' lang='lat' dir='ltr'>praefatus</span> <span class='ocrx_word' id='word_1_84' title='bbox 836 1336 945 1391; x_wconf 87' lang='lat' dir='ltr'>contra</span> <span class='ocrx_word' id='word_1_85' title='bbox 975 1323 1180 1390; x_wconf 77' lang='lat' dir='ltr'>catherinam</span> <span class='ocrx_word' id='word_1_86' title='bbox 1211 1321 1355 1408; x_wconf 87' lang='lat' dir='ltr'>reginam</span> <span class='ocrx_word' id='word_1_87' title='bbox 1387 1319 1555 1387; x_wconf 87' lang='lat' dir='ltr'>oratricem</span> 
     </span>
     <span class='ocr_line' id='line_1_11' title="bbox 182 1424 1555 1518; baseline -0.004 -22"><span class='ocrx_word' id='word_1_88' title='bbox 182 1429 353 1518; x_wconf 81' lang='lat' dir='ltr'>praefatam</span> <span class='ocrx_word' id='word_1_89' title='bbox 370 1451 464 1517; x_wconf 89' lang='lat' dir='ltr'>super</span> <span class='ocrx_word' id='word_1_90' title='bbox 487 1429 669 1498; x_wconf 92' lang='lat' dir='ltr'>huiusmodi</span> <span class='ocrx_word' id='word_1_91' title='bbox 693 1431 898 1497; x_wconf 90' lang='lat' dir='ltr'>matrimonio</span> <span class='ocrx_word' id='word_1_92' title='bbox 915 1430 1015 1516; x_wconf 89' lang='lat' dir='ltr'>ipsam</span> <span class='ocrx_word' id='word_1_93' title='bbox 1034 1428 1201 1495; x_wconf 85' lang='lat' dir='ltr'>oratricem</span> <span class='ocrx_word' id='word_1_94' title='bbox 1227 1425 1439 1514; x_wconf 91' lang='lat' dir='ltr'>multipliciter</span> <span class='ocrx_word' id='word_1_95' title='bbox 1456 1424 1555 1491; x_wconf 92' lang='lat' dir='ltr'>mole·</span> 
     </span>
     <span class='ocr_line' id='line_1_12' title="bbox 182 1530 1557 1624; baseline -0.005 -20"><span class='ocrx_word' id='word_1_96' title='bbox 182 1547 280 1604; x_wconf 89' lang='lat' dir='ltr'>stasse</span> <span class='ocrx_word' id='word_1_97' title='bbox 304 1560 340 1603; x_wconf 90' lang='lat' dir='ltr'>ac</span> <span class='ocrx_word' id='word_1_98' title='bbox 364 1537 568 1624; x_wconf 88' lang='lat' dir='ltr'>praeinserti¹</span> <span class='ocrx_word' id='word_1_99' title='bbox 591 1537 701 1624; x_wconf 90' lang='lat' dir='ltr'>vigore</span> <span class='ocrx_word' id='word_1_100' title='bbox 730 1558 838 1602; x_wconf 90' lang='lat' dir='ltr'>coram</span> <span class='ocrx_word' id='word_1_101' title='bbox 863 1537 961 1604; x_wconf 90' lang='lat' dir='ltr'>Rmis.</span> <span class='ocrx_word' id='word_1_102' title='bbox 985 1535 1135 1602; x_wconf 90' lang='lat' dir='ltr'>Dominis</span> <span class='ocrx_word' id='word_1_103' title='bbox 1164 1531 1368 1600; x_wconf 86' lang='lat' dir='ltr'>cardinalibus</span> <span class='ocrx_word' id='word_1_104' title='bbox 1390 1530 1501 1618; x_wconf 89' lang='lat' dir='ltr'>legatis</span> <span class='ocrx_word' id='word_1_105' title='bbox 1526 1542 1557 1597; x_wconf 91' lang='lat' dir='ltr'>et</span> 
     </span>
     <span class='ocr_line' id='line_1_13' title="bbox 183 1636 1556 1728; baseline -0.004 -19"><span class='ocrx_word' id='word_1_106' title='bbox 183 1643 409 1710; x_wconf 87' lang='lat' dir='ltr'>commissariis</span> <span class='ocrx_word' id='word_1_107' title='bbox 436 1641 603 1728; x_wconf 90' lang='lat' dir='ltr'>praedictis</span> <span class='ocrx_word' id='word_1_108' title='bbox 632 1643 663 1708; x_wconf 93' lang='lat' dir='ltr'>in</span> <span class='ocrx_word' id='word_1_109' title='bbox 689 1664 813 1708; x_wconf 91' lang='lat' dir='ltr'>causam</span> <span class='ocrx_word' id='word_1_110' title='bbox 841 1642 971 1709; x_wconf 86' lang='lat' dir='ltr'>traxisse</span> <span class='ocrx_word' id='word_1_111' title='bbox 1000 1639 1123 1722; x_wconf 90' lang='lat' dir='ltr'>dicitur,</span> <span class='ocrx_word' id='word_1_112' title='bbox 1151 1636 1237 1728; x_wconf 94' lang='lat' dir='ltr'>quod</span> <span class='ocrx_word' id='word_1_113' title='bbox 1267 1639 1383 1706; x_wconf 86' lang='lat' dir='ltr'>oratrix</span> <span class='ocrx_word' id='word_1_114' title='bbox 1412 1647 1556 1724; x_wconf 91' lang='lat' dir='ltr'>suspecta</span> 
     </span>
     <span class='ocr_line' id='line_1_14' title="bbox 184 1746 1556 1836; baseline -0.003 -21"><span class='ocrx_word' id='word_1_115' title='bbox 184 1761 213 1815; x_wconf 89' lang='lat' dir='ltr'>et</span> <span class='ocrx_word' id='word_1_116' title='bbox 236 1749 366 1836; x_wconf 89' lang='lat' dir='ltr'>insuper</span> <span class='ocrx_word' id='word_1_117' title='bbox 388 1760 519 1836; x_wconf 90' lang='lat' dir='ltr'>propter</span> <span class='ocrx_word' id='word_1_118' title='bbox 541 1749 718 1836; x_wconf 89' lang='lat' dir='ltr'>potentiam</span> <span class='ocrx_word' id='word_1_119' title='bbox 742 1748 838 1835; x_wconf 92' lang='lat' dir='ltr'>ipsius</span> <span class='ocrx_word' id='word_1_120' title='bbox 855 1747 989 1814; x_wconf 91' lang='lat' dir='ltr'>Domini</span> <span class='ocrx_word' id='word_1_121' title='bbox 1007 1747 1138 1813; x_wconf 91' lang='lat' dir='ltr'>Henrici</span> <span class='ocrx_word' id='word_1_122' title='bbox 1160 1746 1244 1834; x_wconf 91' lang='lat' dir='ltr'>regis</span> <span class='ocrx_word' id='word_1_123' title='bbox 1269 1767 1335 1811; x_wconf 93' lang='lat' dir='ltr'>non</span> <span class='ocrx_word' id='word_1_124' title='bbox 1360 1766 1455 1831; x_wconf 90' lang='lat' dir='ltr'>posse</span> <span class='ocrx_word' id='word_1_125' title='bbox 1479 1764 1556 1811; x_wconf 91' lang='lat' dir='ltr'>con·</span> 
     </span>
     <span class='ocr_line' id='line_1_15' title="bbox 183 1847 1555 1943; baseline -0.003 -23"><span class='ocrx_word' id='word_1_126' title='bbox 183 1855 271 1943; x_wconf 90' lang='lat' dir='ltr'>sequi</span> <span class='ocrx_word' id='word_1_127' title='bbox 299 1854 435 1921; x_wconf 89' lang='lat' dir='ltr'>iustitiae</span> <span class='ocrx_word' id='word_1_128' title='bbox 458 1852 730 1942; x_wconf 87' lang='lat' dir='ltr'>complementum</span> <span class='ocrx_word' id='word_1_129' title='bbox 759 1852 912 1941; x_wconf 82' lang='lat' dir='ltr'>allegavit.</span> <span class='ocrx_word' id='word_1_130' title='bbox 960 1852 1085 1934; x_wconf 88' lang='lat' dir='ltr'>Quibus</span> <span class='ocrx_word' id='word_1_131' title='bbox 1113 1875 1180 1919; x_wconf 94' lang='lat' dir='ltr'>non</span> <span class='ocrx_word' id='word_1_132' title='bbox 1205 1849 1399 1918; x_wconf 89' lang='lat' dir='ltr'>obstantibus</span> <span class='ocrx_word' id='word_1_133' title='bbox 1427 1847 1555 1938; x_wconf 89' lang='lat' dir='ltr'>praefati</span> 
     </span>
     <span class='ocr_line' id='line_1_16' title="bbox 183 1956 1554 2046; baseline -0.004 -18"><span class='ocrx_word' id='word_1_134' title='bbox 183 1961 264 2029; x_wconf 91' lang='lat' dir='ltr'>Rmi.</span> <span class='ocrx_word' id='word_1_135' title='bbox 283 1960 419 2027; x_wconf 89' lang='lat' dir='ltr'>Domini</span> <span class='ocrx_word' id='word_1_136' title='bbox 438 1958 608 2027; x_wconf 85' lang='lat' dir='ltr'>cardinales</span> <span class='ocrx_word' id='word_1_137' title='bbox 631 1959 724 2046; x_wconf 90' lang='lat' dir='ltr'>legati</span> <span class='ocrx_word' id='word_1_138' title='bbox 749 1971 781 2026; x_wconf 92' lang='lat' dir='ltr'>et</span> <span class='ocrx_word' id='word_1_139' title='bbox 796 1959 1006 2026; x_wconf 90' lang='lat' dir='ltr'>commissarii</span> <span class='ocrx_word' id='word_1_140' title='bbox 1030 1982 1063 2025; x_wconf 92' lang='lat' dir='ltr'>se</span> <span class='ocrx_word' id='word_1_141' title='bbox 1080 1956 1198 2025; x_wconf 89' lang='lat' dir='ltr'>iudices</span> <span class='ocrx_word' id='word_1_142' title='bbox 1222 1968 1443 2046; x_wconf 89' lang='lat' dir='ltr'>competentes</span> <span class='ocrx_word' id='word_1_143' title='bbox 1466 1977 1554 2043; x_wconf 90' lang='lat' dir='ltr'>prae-</span> 
     </span>
     <span class='ocr_line' id='line_1_17' title="bbox 184 2061 1554 2155; baseline -0.004 -23"><span class='ocrx_word' id='word_1_144' title='bbox 184 2063 336 2133; x_wconf 87' lang='lat' dir='ltr'>iudicasse</span> <span class='ocrx_word' id='word_1_145' title='bbox 360 2064 516 2133; x_wconf 90' lang='lat' dir='ltr'>dicuntur.</span> <span class='ocrx_word' id='word_1_146' title='bbox 563 2066 592 2132; x_wconf 88' lang='lat' dir='ltr'><strong>A</strong></span> <span class='ocrx_word' id='word_1_147' title='bbox 615 2064 728 2155; x_wconf 92' lang='lat' dir='ltr'>quibus</span> <span class='ocrx_word' id='word_1_148' title='bbox 752 2062 900 2131; x_wconf 90' lang='lat' dir='ltr'>omnibus</span> <span class='ocrx_word' id='word_1_149' title='bbox 924 2087 982 2152; x_wconf 94' lang='lat' dir='ltr'>pro</span> <span class='ocrx_word' id='word_1_150' title='bbox 1006 2076 1094 2153; x_wconf 90' lang='lat' dir='ltr'>parte</span> <span class='ocrx_word' id='word_1_151' title='bbox 1117 2065 1259 2132; x_wconf 89' lang='lat' dir='ltr'>oratricis</span> <span class='ocrx_word' id='word_1_152' title='bbox 1288 2061 1327 2129; x_wconf 90' lang='lat' dir='ltr'>ad</span> <span class='ocrx_word' id='word_1_153' title='bbox 1350 2062 1554 2129; x_wconf 89' lang='lat' dir='ltr'>Sanctitatem</span> 
     </span>
     <span class='ocr_line' id='line_1_18' title="bbox 184 2167 1554 2261; baseline -0.002 -24"><span class='ocrx_word' id='word_1_154' title='bbox 184 2171 331 2240; x_wconf 87' lang='lat' dir='ltr'>Vestram</span> <span class='ocrx_word' id='word_1_155' title='bbox 355 2183 558 2261; x_wconf 85' lang='lat' dir='ltr'>sanctamque</span> <span class='ocrx_word' id='word_1_156' title='bbox 582 2168 699 2238; x_wconf 88' lang='lat' dir='ltr'>Sedem</span> <span class='ocrx_word' id='word_1_157' title='bbox 714 2170 933 2259; x_wconf 87' lang='lat' dir='ltr'>Apostolicam</span> <span class='ocrx_word' id='word_1_158' title='bbox 958 2171 1059 2238; x_wconf 88' lang='lat' dir='ltr'>extitit</span> <span class='ocrx_word' id='word_1_159' title='bbox 1082 2169 1270 2258; x_wconf 89' lang='lat' dir='ltr'>appellatum</span> <span class='ocrx_word' id='word_1_160' title='bbox 1295 2180 1326 2236; x_wconf 92' lang='lat' dir='ltr'>et</span> <span class='ocrx_word' id='word_1_161' title='bbox 1350 2167 1389 2235; x_wconf 90' lang='lat' dir='ltr'>de</span> <span class='ocrx_word' id='word_1_162' title='bbox 1413 2167 1554 2235; x_wconf 89' lang='lat' dir='ltr'>nullitate</span> 
     </span>
     <span class='ocr_line' id='line_1_19' title="bbox 184 2273 1556 2366; baseline -0.003 -22"><span class='ocrx_word' id='word_1_163' title='bbox 184 2275 319 2359; x_wconf 91' lang='lat' dir='ltr'>dictum,</span> <span class='ocrx_word' id='word_1_164' title='bbox 344 2289 375 2345; x_wconf 92' lang='lat' dir='ltr'>et</span> <span class='ocrx_word' id='word_1_165' title='bbox 397 2300 491 2365; x_wconf 88' lang='lat' dir='ltr'>quam</span> <span class='ocrx_word' id='word_1_166' title='bbox 516 2300 610 2366; x_wconf 88' lang='lat' dir='ltr'>grave</span> <span class='ocrx_word' id='word_1_167' title='bbox 634 2278 688 2358; x_wconf 92' lang='lat' dir='ltr'>sit,</span> <span class='ocrx_word' id='word_1_168' title='bbox 718 2298 826 2343; x_wconf 89' lang='lat' dir='ltr'>coram</span> <span class='ocrx_word' id='word_1_169' title='bbox 857 2277 1009 2364; x_wconf 88' lang='lat' dir='ltr'>suspectis</span> <span class='ocrx_word' id='word_1_170' title='bbox 1033 2273 1186 2344; x_wconf 92' lang='lat' dir='ltr'>iudicibus</span> <span class='ocrx_word' id='word_1_171' title='bbox 1210 2299 1245 2342; x_wconf 89' lang='lat' dir='ltr'>ac</span> <span class='ocrx_word' id='word_1_172' title='bbox 1273 2277 1304 2342; x_wconf 87' lang='lat' dir='ltr'>in</span> <span class='ocrx_word' id='word_1_173' title='bbox 1333 2275 1406 2341; x_wconf 92' lang='lat' dir='ltr'>loco</span> <span class='ocrx_word' id='word_1_174' title='bbox 1437 2275 1480 2341; x_wconf 88' lang='lat' dir='ltr'>ita</span> <span class='ocrx_word' id='word_1_175' title='bbox 1506 2297 1556 2340; x_wconf 93' lang='lat' dir='ltr'>su-</span> 
     </span>
     <span class='ocr_line' id='line_1_20' title="bbox 183 2379 1555 2472; baseline -0.003 -22"><span class='ocrx_word' id='word_1_176' title='bbox 183 2396 292 2472; x_wconf 87' lang='lat' dir='ltr'>specto</span> <span class='ocrx_word' id='word_1_177' title='bbox 317 2395 348 2451; x_wconf 94' lang='lat' dir='ltr'>et</span> <span class='ocrx_word' id='word_1_178' title='bbox 372 2395 483 2451; x_wconf 88' lang='lat' dir='ltr'>contra</span> <span class='ocrx_word' id='word_1_179' title='bbox 505 2394 628 2450; x_wconf 89' lang='lat' dir='ltr'>tantum</span> <span class='ocrx_word' id='word_1_180' title='bbox 652 2383 827 2471; x_wconf 91' lang='lat' dir='ltr'>principem</span> <span class='ocrx_word' id='word_1_181' title='bbox 851 2382 987 2470; x_wconf 86' lang='lat' dir='ltr'>litigare,</span> <span class='ocrx_word' id='word_1_182' title='bbox 1017 2401 1048 2450; x_wconf 92' lang='lat' dir='ltr'>et</span> <span class='ocrx_word' id='word_1_183' title='bbox 1071 2405 1128 2471; x_wconf 94' lang='lat' dir='ltr'>per</span> <span class='ocrx_word' id='word_1_184' title='bbox 1150 2383 1292 2470; x_wconf 84' lang='lat' dir='ltr'>reginam</span> <span class='ocrx_word' id='word_1_185' title='bbox 1316 2403 1450 2448; x_wconf 89' lang='lat' dir='ltr'>uxorem</span> <span class='ocrx_word' id='word_1_186' title='bbox 1481 2379 1555 2448; x_wconf 90' lang='lat' dir='ltr'>dicti</span> 
     </span>
     <span class='ocr_line' id='line_1_21' title="bbox 182 2486 1555 2578; baseline -0.003 -22"><span class='ocrx_word' id='word_1_187' title='bbox 182 2491 276 2578; x_wconf 85' lang='lat' dir='ltr'>regis,</span> <span class='ocrx_word' id='word_1_188' title='bbox 305 2489 455 2578; x_wconf 90' lang='lat' dir='ltr'>quodque</span> <span class='ocrx_word' id='word_1_189' title='bbox 486 2508 520 2560; x_wconf 88' lang='lat' dir='ltr'>ut</span> <span class='ocrx_word' id='word_1_190' title='bbox 548 2491 631 2557; x_wconf 89' lang='lat' dir='ltr'>inter</span> <span class='ocrx_word' id='word_1_191' title='bbox 658 2490 815 2577; x_wconf 91' lang='lat' dir='ltr'>principes</span> <span class='ocrx_word' id='word_1_192' title='bbox 844 2490 892 2556; x_wconf 90' lang='lat' dir='ltr'>ius</span> <span class='ocrx_word' id='word_1_193' title='bbox 923 2489 1092 2577; x_wconf 90' lang='lat' dir='ltr'>unicuique</span> <span class='ocrx_word' id='word_1_194' title='bbox 1119 2486 1277 2570; x_wconf 91' lang='lat' dir='ltr'>reddatur,</span> <span class='ocrx_word' id='word_1_195' title='bbox 1308 2498 1339 2554; x_wconf 92' lang='lat' dir='ltr'>et</span> <span class='ocrx_word' id='word_1_196' title='bbox 1369 2509 1409 2553; x_wconf 92' lang='lat' dir='ltr'>ne</span> <span class='ocrx_word' id='word_1_197' title='bbox 1439 2487 1555 2553; x_wconf 88' lang='lat' dir='ltr'>oratrix</span> 
     </span>
     <span class='ocr_line' id='line_1_22' title="bbox 183 2591 1555 2684; baseline -0.002 -23"><span class='ocrx_word' id='word_1_198' title='bbox 183 2608 350 2684; x_wconf 88' lang='lat' dir='ltr'>propterea</span> <span class='ocrx_word' id='word_1_199' title='bbox 373 2596 406 2662; x_wconf 93' lang='lat' dir='ltr'>in</span> <span class='ocrx_word' id='word_1_200' title='bbox 429 2619 489 2662; x_wconf 91' lang='lat' dir='ltr'>suo</span> <span class='ocrx_word' id='word_1_201' title='bbox 512 2597 579 2662; x_wconf 89' lang='lat' dir='ltr'>iure</span> <span class='ocrx_word' id='word_1_202' title='bbox 604 2596 740 2684; x_wconf 90' lang='lat' dir='ltr'>opprimi</span> <span class='ocrx_word' id='word_1_203' title='bbox 764 2594 876 2662; x_wconf 90' lang='lat' dir='ltr'>habeat</span> <span class='ocrx_word' id='word_1_204' title='bbox 898 2596 1035 2662; x_wconf 88' lang='lat' dir='ltr'>maxime</span> <span class='ocrx_word' id='word_1_205' title='bbox 1062 2595 1095 2660; x_wconf 90' lang='lat' dir='ltr'>in</span> <span class='ocrx_word' id='word_1_206' title='bbox 1120 2617 1211 2661; x_wconf 91' lang='lat' dir='ltr'>causa</span> <span class='ocrx_word' id='word_1_207' title='bbox 1234 2591 1473 2675; x_wconf 90' lang='lat' dir='ltr'>matrimoniali,</span> <span class='ocrx_word' id='word_1_208' title='bbox 1502 2591 1555 2659; x_wconf 90' lang='lat' dir='ltr'>ubi</span> 
     </span>
     <span class='ocr_line' id='line_1_23' title="bbox 182 2698 1555 2788; baseline -0.003 -20"><span class='ocrx_word' id='word_1_209' title='bbox 182 2703 207 2768; x_wconf 90' lang='lat' dir='ltr'>si</span> <span class='ocrx_word' id='word_1_210' title='bbox 235 2702 354 2770; x_wconf 91' lang='lat' dir='ltr'>oratrix</span> <span class='ocrx_word' id='word_1_211' title='bbox 377 2701 485 2783; x_wconf 90' lang='lat' dir='ltr'>vellet,</span> <span class='ocrx_word' id='word_1_212' title='bbox 514 2725 573 2768; x_wconf 91' lang='lat' dir='ltr'>suo</span> <span class='ocrx_word' id='word_1_213' title='bbox 603 2724 763 2768; x_wconf 91' lang='lat' dir='ltr'>consensu</span> <span class='ocrx_word' id='word_1_214' title='bbox 791 2724 858 2768; x_wconf 92' lang='lat' dir='ltr'>non</span> <span class='ocrx_word' id='word_1_215' title='bbox 889 2718 997 2788; x_wconf 89' lang='lat' dir='ltr'>posset</span> <span class='ocrx_word' id='word_1_216' title='bbox 1029 2699 1140 2768; x_wconf 91' lang='lat' dir='ltr'>tollere</span> <span class='ocrx_word' id='word_1_217' title='bbox 1167 2698 1328 2766; x_wconf 90' lang='lat' dir='ltr'>vinculum</span> <span class='ocrx_word' id='word_1_218' title='bbox 1359 2699 1555 2765; x_wconf 89' lang='lat' dir='ltr'>matrimonii</span> 
     </span>
     <span class='ocr_line' id='line_1_24' title="bbox 183 2806 958 2896; baseline -0.001 -22"><span class='ocrx_word' id='word_1_219' title='bbox 183 2806 367 2875; x_wconf 91' lang='lat' dir='ltr'>huiusmodi</span> <span class='ocrx_word' id='word_1_220' title='bbox 390 2819 613 2875; x_wconf 88' lang='lat' dir='ltr'>consumatum</span> <span class='ocrx_word' id='word_1_221' title='bbox 638 2819 669 2876; x_wconf 90' lang='lat' dir='ltr'>et</span> <span class='ocrx_word' id='word_1_222' title='bbox 693 2807 780 2896; x_wconf 92' lang='lat' dir='ltr'>prole</span> <span class='ocrx_word' id='word_1_223' title='bbox 804 2817 958 2896; x_wconf 88' lang='lat' dir='ltr'>suscepta.</span> 
     </span>
    </p>

    <p class='ocr_par' dir='ltr' id='par_1_3' title="bbox 184 2909 1555 4803">
     <span class='ocr_line' id='line_1_25' title="bbox 288 2909 1555 3002; baseline -0.005 -20"><span class='ocrx_word' id='word_1_224' title='bbox 288 2915 387 3002; x_wconf 92' lang='lat' dir='ltr'>Igitur</span> <span class='ocrx_word' id='word_1_225' title='bbox 416 2913 662 2982; x_wconf 88' lang='lat' dir='ltr'>clementissime</span> <span class='ocrx_word' id='word_1_226' title='bbox 689 2915 791 2996; x_wconf 87' lang='lat' dir='ltr'>Pater,</span> <span class='ocrx_word' id='word_1_227' title='bbox 818 2911 959 2981; x_wconf 87' lang='lat' dir='ltr'>officium</span> <span class='ocrx_word' id='word_1_228' title='bbox 984 2911 1182 2980; x_wconf 90' lang='lat' dir='ltr'>Clementiae</span> <span class='ocrx_word' id='word_1_229' title='bbox 1211 2922 1241 2977; x_wconf 90' lang='lat' dir='ltr'>et</span> <span class='ocrx_word' id='word_1_230' title='bbox 1264 2910 1441 2978; x_wconf 89' lang='lat' dir='ltr'>Sanctitatis</span> <span class='ocrx_word' id='word_1_231' title='bbox 1464 2909 1555 2976; x_wconf 91' lang='lat' dir='ltr'>Tuae</span> 
     </span>
     <span class='ocr_line' id='line_1_26' title="bbox 184 3015 1555 3108; baseline -0.001 -24"><span class='ocrx_word' id='word_1_232' title='bbox 184 3030 239 3100; x_wconf 78' lang='lat' dir='ltr'>est,</span> <span class='ocrx_word' id='word_1_233' title='bbox 263 3019 297 3085; x_wconf 93' lang='lat' dir='ltr'>in</span> <span class='ocrx_word' id='word_1_234' title='bbox 314 3021 493 3108; x_wconf 89' lang='lat' dir='ltr'>praemissis</span> <span class='ocrx_word' id='word_1_235' title='bbox 509 3038 690 3108; x_wconf 90' lang='lat' dir='ltr'>opportune</span> <span class='ocrx_word' id='word_1_236' title='bbox 714 3017 891 3108; x_wconf 91' lang='lat' dir='ltr'>providere,</span> <span class='ocrx_word' id='word_1_237' title='bbox 916 3043 989 3086; x_wconf 89' lang='lat' dir='ltr'>cum</span> <span class='ocrx_word' id='word_1_238' title='bbox 1005 3019 1135 3086; x_wconf 90' lang='lat' dir='ltr'>materia</span> <span class='ocrx_word' id='word_1_239' title='bbox 1158 3019 1197 3085; x_wconf 90' lang='lat' dir='ltr'>sit</span> <span class='ocrx_word' id='word_1_240' title='bbox 1215 3015 1399 3105; x_wconf 88' lang='lat' dir='ltr'>exemplaris</span> <span class='ocrx_word' id='word_1_241' title='bbox 1424 3034 1455 3083; x_wconf 93' lang='lat' dir='ltr'>et</span> <span class='ocrx_word' id='word_1_242' title='bbox 1474 3017 1555 3084; x_wconf 90' lang='lat' dir='ltr'>inter</span> 
     </span>
     <span class='ocr_line' id='line_1_27' title="bbox 184 3119 1555 3214; baseline -0.001 -24"><span class='ocrx_word' id='word_1_243' title='bbox 184 3146 275 3212; x_wconf 84' lang='lat' dir='ltr'>reges</span> <span class='ocrx_word' id='word_1_244' title='bbox 298 3144 330 3193; x_wconf 92' lang='lat' dir='ltr'>et</span> <span class='ocrx_word' id='word_1_245' title='bbox 346 3127 514 3214; x_wconf 89' lang='lat' dir='ltr'>principes,</span> <span class='ocrx_word' id='word_1_246' title='bbox 538 3137 731 3214; x_wconf 90' lang='lat' dir='ltr'>possentque</span> <span class='ocrx_word' id='word_1_247' title='bbox 754 3149 822 3192; x_wconf 88' lang='lat' dir='ltr'>non</span> <span class='ocrx_word' id='word_1_248' title='bbox 838 3124 875 3192; x_wconf 88' lang='lat' dir='ltr'>ab</span> <span class='ocrx_word' id='word_1_249' title='bbox 892 3148 926 3192; x_wconf 90' lang='lat' dir='ltr'>re</span> <span class='ocrx_word' id='word_1_250' title='bbox 950 3126 1068 3192; x_wconf 88' lang='lat' dir='ltr'>causari</span> <span class='ocrx_word' id='word_1_251' title='bbox 1091 3147 1159 3192; x_wconf 91' lang='lat' dir='ltr'>non</span> <span class='ocrx_word' id='word_1_252' title='bbox 1175 3146 1269 3212; x_wconf 89' lang='lat' dir='ltr'>parva</span> <span class='ocrx_word' id='word_1_253' title='bbox 1284 3121 1438 3190; x_wconf 89' lang='lat' dir='ltr'>scandala.</span> <span class='ocrx_word' id='word_1_254' title='bbox 1477 3119 1555 3189; x_wconf 90' lang='lat' dir='ltr'>Ideo</span> 
     </span>
     <span class='ocr_line' id='line_1_28' title="bbox 185 3229 1555 3320; baseline -0.002 -23"><span class='ocrx_word' id='word_1_255' title='bbox 185 3229 222 3297; x_wconf 86' lang='lat' dir='ltr'>ad</span> <span class='ocrx_word' id='word_1_256' title='bbox 250 3253 359 3319; x_wconf 88' lang='lat' dir='ltr'>preces</span> <span class='ocrx_word' id='word_1_257' title='bbox 388 3234 530 3299; x_wconf 91' lang='lat' dir='ltr'>oratricis</span> <span class='ocrx_word' id='word_1_258' title='bbox 558 3231 713 3320; x_wconf 88' lang='lat' dir='ltr'>praefatae</span> <span class='ocrx_word' id='word_1_259' title='bbox 740 3231 888 3320; x_wconf 91' lang='lat' dir='ltr'>dignetur</span> <span class='ocrx_word' id='word_1_260' title='bbox 916 3233 1069 3299; x_wconf 90' lang='lat' dir='ltr'>Sanctitas</span> <span class='ocrx_word' id='word_1_261' title='bbox 1093 3232 1206 3297; x_wconf 91' lang='lat' dir='ltr'>Vestra</span> <span class='ocrx_word' id='word_1_262' title='bbox 1235 3253 1359 3298; x_wconf 89' lang='lat' dir='ltr'>causam</span> <span class='ocrx_word' id='word_1_263' title='bbox 1389 3248 1419 3296; x_wconf 93' lang='lat' dir='ltr'>et</span> <span class='ocrx_word' id='word_1_264' title='bbox 1448 3251 1555 3295; x_wconf 87' lang='lat' dir='ltr'>causas</span> 
     </span>
     <span class='ocr_line' id='line_1_29' title="bbox 186 3332 1555 3427; baseline -0.002 -24"><span class='ocrx_word' id='word_1_265' title='bbox 186 3336 366 3405; x_wconf 90' lang='lat' dir='ltr'>huiusmodi</span> <span class='ocrx_word' id='word_1_266' title='bbox 394 3339 426 3404; x_wconf 92' lang='lat' dir='ltr'>in</span> <span class='ocrx_word' id='word_1_267' title='bbox 450 3337 571 3406; x_wconf 88' lang='lat' dir='ltr'>eisdem</span> <span class='ocrx_word' id='word_1_268' title='bbox 594 3339 737 3407; x_wconf 91' lang='lat' dir='ltr'>terminis</span> <span class='ocrx_word' id='word_1_269' title='bbox 766 3349 797 3406; x_wconf 89' lang='lat' dir='ltr'>et</span> <span class='ocrx_word' id='word_1_270' title='bbox 819 3350 916 3420; x_wconf 88' lang='lat' dir='ltr'>statu,</span> <span class='ocrx_word' id='word_1_271' title='bbox 945 3337 1057 3427; x_wconf 90' lang='lat' dir='ltr'>quibus</span> <span class='ocrx_word' id='word_1_272' title='bbox 1081 3338 1184 3405; x_wconf 92' lang='lat' dir='ltr'>existit</span> <span class='ocrx_word' id='word_1_273' title='bbox 1213 3349 1245 3404; x_wconf 90' lang='lat' dir='ltr'>et</span> <span class='ocrx_word' id='word_1_274' title='bbox 1275 3334 1413 3424; x_wconf 90' lang='lat' dir='ltr'>pendere</span> <span class='ocrx_word' id='word_1_275' title='bbox 1442 3332 1555 3422; x_wconf 90' lang='lat' dir='ltr'>digno·</span> 
     </span>
     <span class='ocr_line' id='line_1_30' title="bbox 186 3441 1555 3526; baseline -0.001 -16"><span class='ocrx_word' id='word_1_276' title='bbox 186 3443 289 3526; x_wconf 86' lang='lat' dir='ltr'>scitur,</span> <span class='ocrx_word' id='word_1_277' title='bbox 313 3445 409 3511; x_wconf 90' lang='lat' dir='ltr'>etiam</span> <span class='ocrx_word' id='word_1_278' title='bbox 432 3445 456 3511; x_wconf 93' lang='lat' dir='ltr'>si</span> <span class='ocrx_word' id='word_1_279' title='bbox 482 3445 513 3510; x_wconf 93' lang='lat' dir='ltr'>in</span> <span class='ocrx_word' id='word_1_280' title='bbox 538 3441 649 3512; x_wconf 89' lang='lat' dir='ltr'>eadem</span> <span class='ocrx_word' id='word_1_281' title='bbox 674 3445 858 3511; x_wconf 89' lang='lat' dir='ltr'>conclusum</span> <span class='ocrx_word' id='word_1_282' title='bbox 883 3444 1008 3526; x_wconf 88' lang='lat' dir='ltr'>existat,</span> <span class='ocrx_word' id='word_1_283' title='bbox 1036 3454 1153 3511; x_wconf 88' lang='lat' dir='ltr'>attenta</span> <span class='ocrx_word' id='word_1_284' title='bbox 1178 3443 1329 3510; x_wconf 89' lang='lat' dir='ltr'>contiuua</span> <span class='ocrx_word' id='word_1_285' title='bbox 1356 3441 1555 3508; x_wconf 89' lang='lat' dir='ltr'>recusatione</span> 
     </span>
     <span class='ocr_line' id='line_1_31' title="bbox 187 3545 1554 3639; baseline -0.003 -22"><span class='ocrx_word' id='word_1_286' title='bbox 187 3562 215 3617; x_wconf 90' lang='lat' dir='ltr'>et</span> <span class='ocrx_word' id='word_1_287' title='bbox 237 3549 462 3618; x_wconf 88' lang='lat' dir='ltr'>reclamatione</span> <span class='ocrx_word' id='word_1_288' title='bbox 485 3549 524 3617; x_wconf 92' lang='lat' dir='ltr'>ad</span> <span class='ocrx_word' id='word_1_289' title='bbox 547 3573 581 3616; x_wconf 89' lang='lat' dir='ltr'>se</span> <span class='ocrx_word' id='word_1_290' title='bbox 605 3549 759 3617; x_wconf 86' lang='lat' dir='ltr'>advocare</span> <span class='ocrx_word' id='word_1_291' title='bbox 789 3548 935 3639; x_wconf 88' lang='lat' dir='ltr'>illamque</span> <span class='ocrx_word' id='word_1_292' title='bbox 960 3561 991 3617; x_wconf 88' lang='lat' dir='ltr'>et</span> <span class='ocrx_word' id='word_1_293' title='bbox 1014 3547 1231 3636; x_wconf 88' lang='lat' dir='ltr'>appellationis</span> <span class='ocrx_word' id='word_1_294' title='bbox 1256 3567 1286 3614; x_wconf 89' lang='lat' dir='ltr'>et</span> <span class='ocrx_word' id='word_1_295' title='bbox 1309 3545 1554 3636; x_wconf 88' lang='lat' dir='ltr'>appellationum</span> 
     </span>
     <span class='ocr_line' id='line_1_32' title="bbox 187 3651 1553 3744; baseline -0.001 -25"><span class='ocrx_word' id='word_1_296' title='bbox 187 3677 219 3720; x_wconf 90' lang='lat' dir='ltr'>ac</span> <span class='ocrx_word' id='word_1_297' title='bbox 234 3657 470 3723; x_wconf 87' lang='lat' dir='ltr'>recusationum</span> <span class='ocrx_word' id='word_1_298' title='bbox 495 3674 525 3723; x_wconf 90' lang='lat' dir='ltr'>et</span> <span class='ocrx_word' id='word_1_299' title='bbox 541 3657 808 3744; x_wconf 89' lang='lat' dir='ltr'>protestationum</span> <span class='ocrx_word' id='word_1_300' title='bbox 832 3679 867 3722; x_wconf 88' lang='lat' dir='ltr'>ac</span> <span class='ocrx_word' id='word_1_301' title='bbox 884 3657 1030 3722; x_wconf 88' lang='lat' dir='ltr'>omnium</span> <span class='ocrx_word' id='word_1_302' title='bbox 1049 3666 1079 3721; x_wconf 90' lang='lat' dir='ltr'>et</span> <span class='ocrx_word' id='word_1_303' title='bbox 1096 3654 1290 3742; x_wconf 90' lang='lat' dir='ltr'>singularum</span> <span class='ocrx_word' id='word_1_304' title='bbox 1308 3651 1553 3741; x_wconf 89' lang='lat' dir='ltr'>appellationum</span> 
     </span>
     <span class='ocr_line' id='line_1_33' title="bbox 187 3755 1554 3851; baseline -0.001 -25"><span class='ocrx_word' id='word_1_305' title='bbox 187 3781 242 3846; x_wconf 93' lang='lat' dir='ltr'>pro</span> <span class='ocrx_word' id='word_1_306' title='bbox 265 3773 354 3848; x_wconf 87' lang='lat' dir='ltr'>parte</span> <span class='ocrx_word' id='word_1_307' title='bbox 377 3762 518 3829; x_wconf 90' lang='lat' dir='ltr'>oratricis</span> <span class='ocrx_word' id='word_1_308' title='bbox 541 3785 559 3828; x_wconf 92' lang='lat' dir='ltr'>a</span> <span class='ocrx_word' id='word_1_309' title='bbox 581 3761 819 3851; x_wconf 90' lang='lat' dir='ltr'>quibuscunque</span> <span class='ocrx_word' id='word_1_310' title='bbox 847 3762 1005 3849; x_wconf 88' lang='lat' dir='ltr'>proceptis</span> <span class='ocrx_word' id='word_1_311' title='bbox 1034 3759 1290 3841; x_wconf 88' lang='lat' dir='ltr'>interlocutoriis,</span> <span class='ocrx_word' id='word_1_312' title='bbox 1320 3760 1413 3827; x_wconf 90' lang='lat' dir='ltr'>etiam</span> <span class='ocrx_word' id='word_1_313' title='bbox 1441 3755 1554 3825; x_wconf 89' lang='lat' dir='ltr'>diffini·</span> 
     </span>
     <span class='ocr_line' id='line_1_34' title="bbox 186 3865 1555 3955; baseline -0.001 -23"><span class='ocrx_word' id='word_1_314' title='bbox 186 3866 265 3933; x_wconf 86' lang='lat' dir='ltr'>tivae</span> <span class='ocrx_word' id='word_1_315' title='bbox 281 3867 456 3934; x_wconf 90' lang='lat' dir='ltr'>sententiae</span> <span class='ocrx_word' id='word_1_316' title='bbox 480 3867 632 3935; x_wconf 90' lang='lat' dir='ltr'>hactenus</span> <span class='ocrx_word' id='word_1_317' title='bbox 648 3869 851 3955; x_wconf 89' lang='lat' dir='ltr'>interpositae</span> <span class='ocrx_word' id='word_1_318' title='bbox 876 3879 907 3934; x_wconf 88' lang='lat' dir='ltr'>et</span> <span class='ocrx_word' id='word_1_319' title='bbox 922 3869 1179 3954; x_wconf 89' lang='lat' dir='ltr'>interpositarum</span> <span class='ocrx_word' id='word_1_320' title='bbox 1203 3865 1361 3948; x_wconf 81' lang='lat' dir='ltr'>nullitatis,</span> <span class='ocrx_word' id='word_1_321' title='bbox 1384 3865 1555 3954; x_wconf 85' lang='lat' dir='ltr'>iniquitatis</span> 
     </span>
     <span class='ocr_line' id='line_1_35' title="bbox 187 3963 1555 4062; baseline 0 -24"><span class='ocrx_word' id='word_1_322' title='bbox 187 3983 216 4038; x_wconf 90' lang='lat' dir='ltr'>et</span> <span class='ocrx_word' id='word_1_323' title='bbox 247 3973 416 4041; x_wconf 89' lang='lat' dir='ltr'>iniustitiae</span> <span class='ocrx_word' id='word_1_324' title='bbox 447 3963 608 4062; x_wconf 75' lang='lat' dir='ltr'>toliusque</span> <span class='ocrx_word' id='word_1_325' title='bbox 642 3975 781 4060; x_wconf 90' lang='lat' dir='ltr'>pretensi</span> <span class='ocrx_word' id='word_1_326' title='bbox 815 3996 982 4061; x_wconf 91' lang='lat' dir='ltr'>processus</span> <span class='ocrx_word' id='word_1_327' title='bbox 1014 3971 1258 4062; x_wconf 89' lang='lat' dir='ltr'>quomodolibet</span> <span class='ocrx_word' id='word_1_328' title='bbox 1292 3970 1387 4039; x_wconf 89' lang='lat' dir='ltr'>habiti</span> <span class='ocrx_word' id='word_1_329' title='bbox 1421 3983 1451 4038; x_wconf 91' lang='lat' dir='ltr'>et</span> <span class='ocrx_word' id='word_1_330' title='bbox 1483 3969 1555 4038; x_wconf 89' lang='lat' dir='ltr'>facti</span> 
     </span>
     <span class='ocr_line' id='line_1_36' title="bbox 186 4078 1555 4169; baseline -0.002 -24"><span class='ocrx_word' id='word_1_331' title='bbox 186 4090 485 4169; x_wconf 88' lang='lat' dir='ltr'>attemtatorumque</span> <span class='ocrx_word' id='word_1_332' title='bbox 513 4092 544 4147; x_wconf 93' lang='lat' dir='ltr'>et</span> <span class='ocrx_word' id='word_1_333' title='bbox 567 4081 793 4147; x_wconf 89' lang='lat' dir='ltr'>innovatorum</span> <span class='ocrx_word' id='word_1_334' title='bbox 822 4101 1085 4169; x_wconf 88' lang='lat' dir='ltr'>quorumcunque</span> <span class='ocrx_word' id='word_1_335' title='bbox 1108 4080 1269 4167; x_wconf 89' lang='lat' dir='ltr'>totiusque</span> <span class='ocrx_word' id='word_1_336' title='bbox 1297 4079 1419 4166; x_wconf 89' lang='lat' dir='ltr'>negotii</span> <span class='ocrx_word' id='word_1_337' title='bbox 1442 4078 1555 4165; x_wconf 92' lang='lat' dir='ltr'>princi·</span> 
     </span>
     <span class='ocr_line' id='line_1_37' title="bbox 186 4181 1555 4274; baseline -0.001 -22"><span class='ocrx_word' id='word_1_338' title='bbox 186 4184 259 4272; x_wconf 85' lang='lat' dir='ltr'>palis</span> <span class='ocrx_word' id='word_1_339' title='bbox 282 4184 480 4268; x_wconf 89' lang='lat' dir='ltr'>huiusmodi,</span> <span class='ocrx_word' id='word_1_340' title='bbox 511 4209 660 4252; x_wconf 89' lang='lat' dir='ltr'>necnon</span> <span class='ocrx_word' id='word_1_341' title='bbox 685 4207 779 4274; x_wconf 89' lang='lat' dir='ltr'>quam</span> <span class='ocrx_word' id='word_1_342' title='bbox 804 4198 836 4253; x_wconf 90' lang='lat' dir='ltr'>et</span> <span class='ocrx_word' id='word_1_343' title='bbox 858 4208 933 4274; x_wconf 83' lang='lat' dir='ltr'>quas</span> <span class='ocrx_word' id='word_1_344' title='bbox 958 4186 1073 4252; x_wconf 89' lang='lat' dir='ltr'>oratrix</span> <span class='ocrx_word' id='word_1_345' title='bbox 1102 4184 1238 4273; x_wconf 88' lang='lat' dir='ltr'>praefata</span> <span class='ocrx_word' id='word_1_346' title='bbox 1267 4181 1360 4251; x_wconf 90' lang='lat' dir='ltr'>habet</span> <span class='ocrx_word' id='word_1_347' title='bbox 1386 4202 1417 4250; x_wconf 94' lang='lat' dir='ltr'>et</span> <span class='ocrx_word' id='word_1_348' title='bbox 1445 4196 1555 4251; x_wconf 89' lang='lat' dir='ltr'>movet</span> 
     </span>
     <span class='ocr_line' id='line_1_38' title="bbox 186 4289 1555 4382; baseline 0 -26"><span class='ocrx_word' id='word_1_349' title='bbox 186 4289 361 4382; x_wconf 88' lang='lat' dir='ltr'>habereque</span> <span class='ocrx_word' id='word_1_350' title='bbox 384 4305 416 4360; x_wconf 91' lang='lat' dir='ltr'>et</span> <span class='ocrx_word' id='word_1_351' title='bbox 439 4315 571 4359; x_wconf 91' lang='lat' dir='ltr'>movere</span> <span class='ocrx_word' id='word_1_352' title='bbox 594 4290 660 4360; x_wconf 88' lang='lat' dir='ltr'>vult</span> <span class='ocrx_word' id='word_1_353' title='bbox 688 4303 719 4359; x_wconf 90' lang='lat' dir='ltr'>et</span> <span class='ocrx_word' id='word_1_354' title='bbox 741 4291 877 4361; x_wconf 88' lang='lat' dir='ltr'>intendit</span> <span class='ocrx_word' id='word_1_355' title='bbox 901 4310 1011 4359; x_wconf 91' lang='lat' dir='ltr'>contra</span> <span class='ocrx_word' id='word_1_356' title='bbox 1040 4311 1070 4359; x_wconf 90' lang='lat' dir='ltr'>et</span> <span class='ocrx_word' id='word_1_357' title='bbox 1094 4290 1242 4359; x_wconf 89' lang='lat' dir='ltr'>adversus</span> <span class='ocrx_word' id='word_1_358' title='bbox 1266 4290 1444 4358; x_wconf 88' lang='lat' dir='ltr'>Dominum</span> <span class='ocrx_word' id='word_1_359' title='bbox 1468 4291 1555 4357; x_wconf 91' lang='lat' dir='ltr'>Hen-</span> 
     </span>
     <span class='ocr_line' id='line_1_39' title="bbox 186 4395 1553 4487; baseline -0.001 -24"><span class='ocrx_word' id='word_1_360' title='bbox 186 4397 283 4464; x_wconf 89' lang='lat' dir='ltr'>ricum</span> <span class='ocrx_word' id='word_1_361' title='bbox 311 4421 423 4486; x_wconf 91' lang='lat' dir='ltr'>regern</span> <span class='ocrx_word' id='word_1_362' title='bbox 452 4396 624 4485; x_wconf 88' lang='lat' dir='ltr'>praefatum</span> <span class='ocrx_word' id='word_1_363' title='bbox 649 4420 826 4487; x_wconf 88' lang='lat' dir='ltr'>omnesque</span> <span class='ocrx_word' id='word_1_364' title='bbox 854 4397 931 4464; x_wconf 89' lang='lat' dir='ltr'>alios</span> <span class='ocrx_word' id='word_1_365' title='bbox 961 4409 991 4465; x_wconf 92' lang='lat' dir='ltr'>et</span> <span class='ocrx_word' id='word_1_366' title='bbox 1019 4396 1161 4485; x_wconf 91' lang='lat' dir='ltr'>singulos</span> <span class='ocrx_word' id='word_1_367' title='bbox 1190 4420 1245 4464; x_wconf 90' lang='lat' dir='ltr'>sua</span> <span class='ocrx_word' id='word_1_368' title='bbox 1268 4396 1483 4464; x_wconf 91' lang='lat' dir='ltr'>communiter</span> <span class='ocrx_word' id='word_1_369' title='bbox 1505 4395 1553 4462; x_wconf 90' lang='lat' dir='ltr'>vel</span> 
     </span>
     <span class='ocr_line' id='line_1_40' title="bbox 188 4499 1554 4591; baseline -0.001 -23"><span class='ocrx_word' id='word_1_370' title='bbox 188 4501 307 4570; x_wconf 84' lang='lat' dir='ltr'>divisim</span> <span class='ocrx_word' id='word_1_371' title='bbox 337 4505 491 4571; x_wconf 88' lang='lat' dir='ltr'>interesse</span> <span class='ocrx_word' id='word_1_372' title='bbox 518 4502 676 4591; x_wconf 78' lang='lat' dir='ltr'>putandos</span> <span class='ocrx_word' id='word_1_373' title='bbox 705 4502 744 4570; x_wconf 88' lang='lat' dir='ltr'>de</span> <span class='ocrx_word' id='word_1_374' title='bbox 768 4521 799 4570; x_wconf 90' lang='lat' dir='ltr'>et</span> <span class='ocrx_word' id='word_1_375' title='bbox 823 4525 916 4591; x_wconf 91' lang='lat' dir='ltr'>super</span> <span class='ocrx_word' id='word_1_376' title='bbox 944 4502 1229 4584; x_wconf 88' lang='lat' dir='ltr'>molestationibus,</span> <span class='ocrx_word' id='word_1_377' title='bbox 1257 4499 1554 4589; x_wconf 88' lang='lat' dir='ltr'>perturbationibus,</span> 
     </span>
     <span class='ocr_line' id='line_1_41' title="bbox 188 4607 1554 4697; baseline 0 -23"><span class='ocrx_word' id='word_1_378' title='bbox 188 4608 461 4697; x_wconf 87' lang='lat' dir='ltr'>inquietationibus</span> <span class='ocrx_word' id='word_1_379' title='bbox 486 4628 516 4676; x_wconf 93' lang='lat' dir='ltr'>et</span> <span class='ocrx_word' id='word_1_380' title='bbox 532 4607 768 4696; x_wconf 89' lang='lat' dir='ltr'>impedimentis</span> <span class='ocrx_word' id='word_1_381' title='bbox 785 4609 910 4676; x_wconf 89' lang='lat' dir='ltr'>oratrici</span> <span class='ocrx_word' id='word_1_382' title='bbox 934 4607 1109 4696; x_wconf 88' lang='lat' dir='ltr'>praedictae</span> <span class='ocrx_word' id='word_1_383' title='bbox 1126 4608 1166 4676; x_wconf 92' lang='lat' dir='ltr'>de</span> <span class='ocrx_word' id='word_1_384' title='bbox 1184 4627 1214 4675; x_wconf 90' lang='lat' dir='ltr'>et</span> <span class='ocrx_word' id='word_1_385' title='bbox 1231 4629 1324 4695; x_wconf 90' lang='lat' dir='ltr'>super</span> <span class='ocrx_word' id='word_1_386' title='bbox 1346 4607 1554 4674; x_wconf 90' lang='lat' dir='ltr'>matrimonio</span> 
     </span>
     <span class='ocr_line' id='line_1_42' title="bbox 189 4713 1553 4803; baseline 0 -23"><span class='ocrx_word' id='word_1_387' title='bbox 189 4713 366 4783; x_wconf 89' lang='lat' dir='ltr'>huiusmodi</span> <span class='ocrx_word' id='word_1_388' title='bbox 394 4714 636 4803; x_wconf 89' lang='lat' dir='ltr'>quomodolibet</span> <span class='ocrx_word' id='word_1_389' title='bbox 658 4715 749 4783; x_wconf 89' lang='lat' dir='ltr'>illatis</span> <span class='ocrx_word' id='word_1_390' title='bbox 773 4727 804 4782; x_wconf 93' lang='lat' dir='ltr'>et</span> <span class='ocrx_word' id='word_1_391' title='bbox 827 4713 932 4782; x_wconf 88' lang='lat' dir='ltr'>inferri</span> <span class='ocrx_word' id='word_1_392' title='bbox 957 4715 1159 4782; x_wconf 89' lang='lat' dir='ltr'>comminatis</span> <span class='ocrx_word' id='word_1_393' title='bbox 1187 4715 1320 4802; x_wconf 93' lang='lat' dir='ltr'>ipsoque</span> <span class='ocrx_word' id='word_1_394' title='bbox 1347 4714 1553 4780; x_wconf 89' lang='lat' dir='ltr'>matrimonio</span> 
     </span>
    </p>
   </div>
   <div class='ocr_carea' id='block_1_3' title="bbox 189 4826 393 4834">
    <p class='ocr_par' dir='ltr' id='par_1_4' title="bbox 189 4826 393 4834">
     <span class='ocr_line' id='line_1_43' title="bbox 189 4826 393 4834; baseline 0.01 -2"><span class='ocrx_word' id='word_1_395' title='bbox 189 4826 359 4834; x_wconf 67' lang='lat'>---.....-.-.-.-</span> <span class='ocrx_word' id='word_1_396' title='bbox 368 4828 393 4833; x_wconf 87' lang='lat'>..-</span> 
     </span>
    </p>
   </div>
   <div class='ocr_carea' id='block_1_4' title="bbox 189 4835 1553 5016">
    <p class='ocr_par' dir='ltr' id='par_1_5' title="bbox 189 4835 1553 5016">
     <span class='ocr_line' id='line_1_44' title="bbox 289 4835 1553 4946; baseline 0 -18"><span class='ocrx_word' id='word_1_397' title='bbox 289 4875 389 4929; x_wconf 84' lang='lat' dir='ltr'>¹Dem</span> <span class='ocrx_word' id='word_1_398' title='bbox 405 4875 526 4946; x_wconf 86' lang='lat' dir='ltr'>Antrage</span> <span class='ocrx_word' id='word_1_399' title='bbox 550 4873 597 4928; x_wconf 91' lang='lat' dir='ltr'>der</span> <span class='ocrx_word' id='word_1_400' title='bbox 615 4873 797 4929; x_wconf 88' lang='lat' dir='ltr'>Kaiserlichen</span> <span class='ocrx_word' id='word_1_401' title='bbox 820 4891 876 4928; x_wconf 88' lang='lat' dir='ltr'>war</span> <span class='ocrx_word' id='word_1_402' title='bbox 901 4875 960 4928; x_wconf 90' lang='lat' dir='ltr'>eine</span> <span class='ocrx_word' id='word_1_403' title='bbox 977 4872 1113 4927; x_wconf 85' lang='lat' dir='ltr'>Abschrift</span> <span class='ocrx_word' id='word_1_404' title='bbox 1137 4872 1183 4927; x_wconf 88' lang='lat' dir='ltr'>der</span> <span class='ocrx_word' id='word_1_405' title='bbox 1205 4873 1388 4928; x_wconf 88' lang='lat' dir='ltr'>Kontmission</span> <span class='ocrx_word' id='word_1_406' title='bbox 1413 4873 1454 4927; x_wconf 80' lang='lat' dir='ltr'>ffir</span> <span class='ocrx_word' id='word_1_407' title='bbox 1472 4835 1553 4928; x_wconf 89' lang='lat' dir='ltr'>Cam-</span> 
     </span>
     <span class='ocr_line' id='line_1_45' title="bbox 189 4943 1205 5016; baseline 0.001 -19"><span class='ocrx_word' id='word_1_408' title='bbox 189 4946 285 5016; x_wconf 85' lang='lat' dir='ltr'>peggio</span> <span class='ocrx_word' id='word_1_409' title='bbox 304 4946 358 4999; x_wconf 93' lang='lat' dir='ltr'>und</span> <span class='ocrx_word' id='word_1_410' title='bbox 377 4945 489 5016; x_wconf 88' lang='lat' dir='ltr'>Wolsey</span> <span class='ocrx_word' id='word_1_411' title='bbox 509 4961 572 4998; x_wconf 90' lang='lat' dir='ltr'>vom</span> <span class='ocrx_word' id='word_1_412' title='bbox 595 4960 632 5014; x_wconf 85' lang='lat'>13·</span> <span class='ocrx_word' id='word_1_413' title='bbox 653 4944 728 5016; x_wconf 75' lang='lat' dir='ltr'>April</span> <span class='ocrx_word' id='word_1_414' title='bbox 746 4945 829 4999; x_wconf 86' lang='lat' dir='ltr'>bezw.</span> <span class='ocrx_word' id='word_1_415' title='bbox 849 4945 873 4998; x_wconf 88' lang='lat'>8.</span> <span class='ocrx_word' id='word_1_416' title='bbox 892 4944 952 5015; x_wconf 90' lang='lat' dir='ltr'>Juni</span> <span class='ocrx_word' id='word_1_417' title='bbox 974 4946 1040 5012; x_wconf 86' lang='lat'>1528</span> <span class='ocrx_word' id='word_1_418' title='bbox 1059 4943 1205 5015; x_wconf 76' lang='lat' dir='ltr'>belgelirgt.</span> 
     </span>
    </p>
   </div>
   <div class='ocr_carea' id='block_1_5' title="bbox 0 0 1912 5528">
    <p class='ocr_par' dir='ltr' id='par_1_6' title="bbox 0 0 1912 5528">
     <span class='ocr_line' id='line_1_46' title="bbox 0 0 1912 5528; baseline 0 0"><span class='ocrx_word' id='word_1_419' title='bbox 0 0 1912 5528; x_wconf 95' lang='lat' dir='ltr'> </span> 
     </span>
    </p>
   </div>
  </div>
 </body>
</html>
