3782 5532
177 377 242 434 1529
260 362 322 416 Mai.
1053 334 1056 347 Ι
1503 345 1543 407 85

174 545 268 604 cono,
298 521 357 588 che
387 519 409 588 il
432 521 488 586 Dr.
513 518 675 607 Stephano
704 519 736 585 in
766 518 828 586 hoc
857 519 1018 586 convincit
1046 518 1067 584 il
1090 516 1245 585 cardinale
1274 517 1441 584 d’Ancona
1470 536 1500 584 et
1524 516 1545 583 il

172 628 379 695 Simonettal.
426 625 508 692 Pero
531 647 631 712 prego
651 625 692 691 V.
717 625 760 708 S.‚
784 624 843 692 che
866 624 972 711 voglia
995 622 1166 692 certificare
1189 625 1251 690 Sua
1274 621 1471 691 Beatitudine
1494 623 1544 691 del

170 757 259 816 vero,
288 745 408 822 quanto
432 733 458 797 si
481 729 561 797 vede
589 752 644 818 per
667 729 695 795 le
719 731 784 797 mic
811 729 936 812 lettere,
968 740 999 797 et
1023 730 1081 797 che
1105 729 1154 797 dal
1178 740 1270 797 canto
1295 731 1362 796 mio
1386 752 1454 796 non
1477 731 1502 795 si
1527 735 1543 797 ὲ

169 851 285 928 potuto
315 839 419 906 levare
442 848 554 927 questo
578 858 669 924 peso,
698 835 782 902 ch’io
805 835 913 903 l’harei
936 835 1014 904 latto
1038 836 1141 903 molto
1164 836 1346 917 volentieri,
1374 847 1406 902 et
1429 835 1488 902 che
1511 837 1543 902 io

169 967 235 1011 uon
261 942 373 1011 habbia
396 954 510 1031 potuto
527 940 673 1010 divertire
697 953 807 1032 questa
829 943 931 1031 piena.
972 941 1079 1010 Credo
1101 942 1239 1031 possiate
1264 951 1438 1008 conoscere
1460 939 1544 1008 sacil-

169 1061 279 1117 mente
304 1047 383 1116 dalla
398 1048 601 1116 vehementia
624 1045 656 1116 di
672 1047 766 1136 quelli
790 1049 919 1130 oratori,
943 1031 1187 1130 considerando
1212 1046 1270 1114 che
1286 1069 1386 1136 paene
1406 1046 1545 1114 obruunt

168 1178 226 1222 vos
235 1161 258 1237 ²,
288 1177 383 1222 corne
407 1155 452 1221 mi
480 1152 591 1221 debbia
618 1165 725 1220 trovar
748 1153 792 1235 io,
820 1153 879 1220 che
907 1153 957 1221 dal
979 1177 1013 1221 re
1042 1171 1073 1222 et
1096 1151 1294 1221 Eboracense
1323 1155 1400 1240 ogni
1427 1155 1543 1240 giorno

169 1284 253 1328 sono
283 1260 493 1342 combattuto,
518 1271 550 1327 et
572 1260 613 1327 V.
638 1259 669 1326 S.
694 1260 720 1325 si
748 1259 844 1327 renda
869 1271 967 1342 cert0,
996 1259 1054 1327 che
1078 1282 1228 1348 appresso
1257 1256 1288 1327 di
1312 1270 1441 1327 costoro
1467 1262 1544 1348 ogni

169 1369 302 1454 ragione
320 1370 336 1433 ὲ
352 1389 431 1435 vana
456 1385 486 1432 et
506 1365 537 1433 di
554 1389 670 1432 nessun
695 1377 875 1448 momentu,
900 1365 958 1433 che
975 1389 1042 1432 non
1065 1364 1142 1433 facei
1165 1389 1221 1453 per
1236 1365 1318 1448 loru,
1343 1377 1374 1434 et
1390 1390 1432 1433 rn.
1450 1367 1544 1433 Fran-

170 1495 276 1554 cesc0,
306 1471 365 1539 che
388 1483 472 1539 tutto
501 1471 540 1538 ha
563 1473 646 1539 visto
676 1483 707 1538 et
729 1482 824 1539 tocco
849 1494 909 1538 con
936 1472 1035 1554 mani,
1064 1494 1159 1560 spero
1184 1471 1243 1538 che
1271 1471 1334 1538 sarh
1355 1472 1543 1540 testimonio

169 1576 221 1644 del
243 1600 333 1644 vero.
371 1577 408 1645 Io
431 1600 487 1665 per
510 1577 658 1645 l'avenire
682 1601 749 1644 non
773 1577 946 1645 mancherb
970 1576 1001 1644 di
1024 1590 1144 1667 quanto
1168 1579 1263 1667 porro
1287 1601 1381 1645 corne
1405 1578 1448 1645 ho
1465 1577 1543 1647 latto

169 1706 225 1771 per
249 1683 270 1749 il
293 1695 431 1771 passam,
454 1687 495 1750 ne
519 1684 582 1750 mai
604 1685 631 1750 si
655 1687 672 1750 ὲ
696 1682 770 1752 dato
794 1683 865 1750 loro
890 1682 928 1750 da
951 1707 1004 1751 me
1027 1683 1137 1751 alcuna
1160 1706 1309 1771 speranza
1317 1709 1326 1766 ;
1359 1683 1430 1750 solo
1454 1683 1543 1772 gl'ho

169 1791 332 1857 assicurati
356 1787 434 1856 della
457 1788 542 1856 bona
565 1801 674 1857 mente
698 1788 729 1856 di
744 1788 807 1856 Sua
823 1789 953 1872 Samira,
977 1789 1028 1858 del
1051 1789 1170 1872 debit0,
1194 1789 1253 1856 che
1269 1789 1331 1856 Sua
1347 1789 1545 1857 Beatitudine

169 1918 358 1977 reconosce,
382 1906 414 1962 et
436 1893 604 1976 desiderio,
628 1895 667 1962 ha
691 1894 722 1961 di
746 1894 885 1964 satislare
908 1919 926 1962 a
948 1896 979 1963 S.
1004 1897 1060 1962 M..
1085 1919 1179 1962 corne
1196 1896 1237 1963 V.
1263 1894 1295 1963 S.
1318 1896 1372 1984 pilr
1394 1894 1480 1962 volte
1505 1894 1544 1962 ha

171 2001 292 2083 scritto,
320 2002 422 2068 scrive
450 2011 480 2067 et
508 2000 623 2089 replica
651 2000 682 2068 di
710 2023 807 2068 nov0.
854 2002 892 2068 Et
920 2024 1013 2069 come
1042 2025 1098 2090 per
1126 2000 1259 2069 l'ultime
1287 2003 1351 2068 mie
1379 2001 1400 2068 li
1428 2003 1543 2084 scrissi,

170 2129 287 2173 ancora
311 2105 429 2173 dicono
453 2105 549 2173 haver
571 2129 720 2194 speranza
748 2119 779 2174 et
802 2107 1018 2196 interpretano
1043 2107 1120 2196 ogni
1147 2108 1280 2174 minima
1304 2105 1410 2196 parola
1433 2131 1449 2174 a
1472 2107 1543 2175 loro

170 2211 283 2293 mod0,
308 2224 340 2278 et
364 2213 445 2279 inter
468 2211 525 2278 alia
542 2211 649 2278 hanno
673 2211 851 2300 ponderato
874 2212 976 2302 quella
999 2213 1105 2301 parola
1128 2215 1161 2280 in
1184 2212 1213 2280 le
1235 2213 1347 2281 lettere
1370 2211 1401 2280 di
1416 2214 1458 2280 N.
1476 2215 1544 2302 sig-

170 2341 250 2385 nore
275 2316 360 2386 dove
383 2316 468 2385 dice:
497 2316 650 2385 vellemus
680 2319 786 2386 statim
815 2317 940 2386 efficere
964 2341 1074 2407 posse,
1102 2318 1190 2408 quod
1212 2342 1298 2386 nunc
1326 2319 1477 2408 postulas,
1501 2361 1542 2368 -

171 2421 324 2493 dicendo:
353 2442 430 2491 nota
453 2425 573 2506 statim,
599 2445 676 2512 ergo
699 2435 845 2512 ternpore
868 2426 995 2512 poterit,
1020 2464 1060 2473 —
1085 2447 1152 2491 non
1176 2424 1332 2508 obstante,
1356 2424 1414 2492 che
1438 2426 1544 2516 quello

171 2532 228 2599 che
252 2553 351 2619 segue
374 2531 408 2596 in
431 2530 458 2597 la
474 2529 594 2612 lettera,
619 2530 729 2599 denoti
752 2528 779 2596 la
795 2528 1002 2613 resolutione,
1027 2542 1058 2598 et
1073 2530 1174 2619 quella
1198 2530 1321 2619 parola:
1346 2531 1452 2598 omnis
1476 2555 1542 2598 non

171 2636 262 2704 nobis
286 2637 393 2703 minus
417 2649 488 2719 etc,
511 2635 662 2704 tacendo:
687 2635 814 2704 dilatio«
842 2659 919 2724 ergo
944 2647 1002 2704 etc.
1028 2656 1059 2704 et
1082 2636 1223 2704 similia.8

274 2740 416 2824 Quando
440 2766 502 2810 con
526 2743 557 2810 S.
578 2743 622 2810 M.
648 2755 680 2811 et
702 2744 797 2812 Rmo.
821 2744 848 2809 si
873 2746 889 2810 e
913 2744 1163 2826 communicato
1186 2762 1305 2832 quanto
1322 2744 1362 2811 V.
1386 2742 1417 2810 S.
1442 2743 1542 2810 scrive

169 2846 218 2915 del
241 2846 349 2929 breve,
373 2847 432 2915 che
454 2848 495 2915 N.
521 2848 657 2936 Signore
680 2849 772 2917 volea
795 2850 931 2916 scrivere
954 2873 972 2916 a
995 2849 1122 2932 Cesare‚
1152 2867 1183 2916 et
1206 2848 1265 2916 che
1289 2848 1309 2916 li
1333 2850 1452 2916 oratori
1474 2873 1542 2917 non

169 2977 202 3020 se
225 2977 267 3020 ne
297 2976 382 3020 sono
411 2955 601 3036 contentari,
631 2978 683 3022 ma
706 2955 738 3022 lo
761 2955 898 3023 voleano
926 2957 1100 3044 imperioso
1124 2973 1195 3038 etc,
1225 2956 1251 3022 si
1279 2954 1455 3038 risolvono,
1484 2955 1543 3023 che

169 3061 220 3147 piu
243 3082 313 3126 non
341 3059 367 3126 si
391 3083 521 3141 curan0,
550 3058 608 3127 che
632 3060 693 3127 Sua
716 3061 836 3130 Santita
863 3061 969 3130 cerchi
992 3061 1032 3129 de
1056 3061 1183 3130 haverlo
1208 3073 1239 3130 et
1262 3062 1321 3130 che
1349 3061 1382 3129 lo
1405 3062 1543 3152 Impera-

167 3177 236 3232 tore
260 3165 293 3232 lo
310 3163 418 3232 mandi
442 3165 617 3234 oaRoma
639 3189 661 3233 o
684 3167 716 3233 in
732 3166 928 3256 Inghilterra,
953 3179 984 3236 et
1001 3170 1051 3236 cib
1074 3169 1190 3257 perche
1210 3169 1372 3253 dubitano‚
1396 3170 1456 3237 che
1479 3193 1542 3237 con

167 3271 270 3360 questi
297 3271 443 3358 principii
470 3273 496 3337 si
519 3273 644 3339 venisse
668 3296 685 3338 a
707 3272 811 3340 levare
842 3273 870 3342 la
893 3297 985 3341 causa
1013 3274 1043 3342 di
1067 3275 1121 3364 qui
1151 3287 1182 3342 et
1205 3275 1359 3364 impedire
1386 3275 1543 3345 l’autorita

168 3375 206 3443 de
228 3376 343 3464 legati;
376 3387 407 3444 et
431 3376 538 3444 hanno
562 3379 674 3460 notati,
698 3377 781 3446 dove
805 3379 846 3446 V.
870 3379 901 3447 S.
926 3403 1030 3462 seusa,
1061 3379 1177 3468 perche
1201 3404 1268 3447 non
1292 3383 1318 3448 si
1342 3381 1445 3450 dovea
1467 3384 1541 3451 scri·

166 3505 240 3549 vere
269 3482 342 3571 quel
365 3481 459 3550 breve
486 3483 672 3571 imperiose,
701 3507 796 3553 corne
824 3487 1025 3553 ricercavano
1049 3486 1070 3552 li
1097 3485 1168 3552 loro
1197 3488 1332 3570 oratori,
1361 3488 1419 3555 che
1448 3489 1540 3556 anch’

168 3589 227 3654 essi
251 3611 309 3676 per
325 3606 438 3677 questo
462 3610 574 3676 ponno
598 3588 674 3672 dire,
699 3591 757 3658 che
773 3591 878 3660 Roma
900 3590 921 3658 li
945 3595 962 3659 ὲ
986 3605 1136 3682 sospetta,
1161 3616 1254 3661 corne
1277 3593 1473 3682 liImperiali
1496 3593 1541 3661 di·

168 3716 253 3761 cono
282 3693 440 3782 d'Anglia.
487 3695 525 3762 Et
548 3719 565 3761 a
588 3708 707 3784 quanto
736 3699 762 3764 si
786 3701 803 3764 ὲ
826 3697 928 3781 detto,
956 3698 1058 3766 cheli
1082 3699 1238 3788 Irnperiali
1268 3701 1376 3768 hanno
1400 3702 1497 3789 parati
1519 3699 1541 3767 li

168 3801 301 3888 protesti
325 3805 412 3882 etc.⁴,
435 3799 640 3884 dimandano,
664 3803 722 3870 che
745 3826 812 3871 non
836 3807 931 3873 sieno
950 3803 1088 3873 admessi
1111 3809 1153 3874 nb
1176 3805 1272 3890 uditi3
1304 3809 1329 3874 si
1354 3806 1540 3895 ereplicato

274 3999 285 4031 ¹
303 3993 428 4048 Kardinal
447 4011 501 4049 von
515 3995 637 4062 Ankonau
656 3997 749 4052 Petrus
769 3998 802 4052 de
820 3999 948 4067 Accoltis‚
968 4001 1040 4054 einer
1059 4000 1106 4056 der
1125 4001 1219 4054 besten
1237 4001 1346 4056 Keuuer
1365 4001 1411 4056 des
1430 4002 1539 4058 kanoni-

168 4064 250 4120 schen
268 4063 387 4118 Rechtes
406 4083 439 4119 an
458 4065 504 4119 der
523 4065 616 4133 Kurie;
639 4068 722 4139 Jacob
736 4069 891 4138 Simonetta,
911 4071 1004 4125 Dekan
1024 4071 1070 4124 der
1089 4071 1166 4138 Rota,
1187 4075 1276 4142 spalter
1295 4074 1387 4141 (1535)
1407 4072 1540 4128 Kardinal.

273 4135 455 4190 ²Hindeutun
493 4135 541 4190 auf
555 4137 601 4190 das
621 4137 765 4192 Schreiben
783 4140 904 4195 Salviatis
924 4159 988 4196 vom
1008 4158 1048 4196 21.
1062 4141 1136 4213 April
1170 4159 1190 4197 s.
1210 4143 1281 4197 oben
1300 4143 1326 4197 S.
1346 4144 1361 4198 8
1381 4187 1387 4209 ‚
1407 4144 1486 4198 Anrn.
1502 4147 1540 4214 a),

168 4207 193 4258 ln
215 4205 351 4260 welchem
375 4207 438 4292 sehr
456 4153 539 4260 bitter
563 4208 627 4261 saber
651 4207 694 4262 die
716 4209 903 4280 Importunitit
925 4212 980 4266 und
1003 4213 1143 4266 Halsstarri
1182 4213 1217 4267 eit
1241 4213 1287 4267 der
1310 4160 1467 4285 englischen
1486 4214 1540 4268 Ge-

170 4276 279 4330 saudten
303 4277 460 4347 gegenuber
481 4277 543 4331 dem
561 4277 658 4349 Papste
682 4280 790 4352 gellagt
812 4282 887 4336 wird.
925 4282 1016 4354 Vergl.
1040 4284 1129 4337 meine
1174 4283 1356 4354 uslirhrungen
1381 4285 1417 4338 im
1441 4285 1540 4340 Histor.

169 4345 255 4502 Jahrb.
273 4347 354 4471 ilble'
372 4347 629 4501 llerninberuhrten
641 4420 736 4476 Worte
760 4421 819 4476 sind
837 4423 880 4476 ein
902 4439 1022 4546 genaues
1042 4423 1113 4478 Citat
1136 4441 1182 4478 aus
1202 4423 1264 4477 dem
1289 4441 1348 4477 zum
1368 4423 1429 4478 Teil
1448 4426 1472 4478 ei
1494 4442 1540 4479 en-

169 4487 302 4559 handrgen
325 4488 470 4544 Schrerbeu
493 4490 540 4544 des
563 4491 674 4562 Papstes
699 4509 732 4545 an
755 4492 882 4547 Heinrich
925 4494 971 4548 lll.
992 4510 1052 4549 vom
1076 4509 1118 4549 21.
1137 4493 1213 4565 April
1234 4509 1313 4566 1529,
1333 4511 1388 4548 von
1406 4443 1540 4549 welchem

170 4557 275 4614 Brewer
309 4559 354 4616 1V.
372 4577 399 4613 n.
421 4561 501 4630 5474)
520 4560 572 4614 den
591 4561 676 4616 Inhalt
688 4562 781 4685 l{lehn
809 4562 855 4617 der
873 4563 1028 4618 lateinische
1047 4563 1116 4618 Text
1136 4565 1209 4618 State
1227 4565 1326 4636 Papers
1346 4565 1404 4619 Vll.
1426 4564 1484 4632 164.

271 4638 283 4668 ⁴
337 4639 424 4684 oreste
443 4631 480 4684 im
499 4631 604 4685 Namen
622 4632 669 4685 der
714 4635 805 4703 bnigin
824 4634 967 4689 Kathariua
986 4651 1075 4718 gegen
1095 4637 1137 4689 ein
1156 4633 1406 4689 Prozessverfahren
1425 4637 1451 4689 in
1466 4636 1538 4707 Eng-

170 4698 239 4767 land,
258 4700 414 4754 verbunden
436 4703 485 4754 mit
503 4701 673 4773 Appellation
696 4703 765 4757 nach
788 4704 866 4758 Rom.
904 4705 964 4759 Erst
987 4724 1023 4758 nn
1040 4706 1115 4778 April
1137 4721 1203 4776 1529
1229 4707 1346 4759 konnten
1370 4705 1413 4759 die
1436 4706 1539 4760 kaiserl.

170 4769 322 4824 Gesandten
340 4773 368 4825 in
387 4771 457 4826 Rorn
476 4789 530 4826 von
554 4772 600 4825 der
622 4773 714 4826 scharf
735 4774 931 4828 bonbachteten
952 4776 1070 4846 Konigin
1094 4776 1136 4830 die
1159 4777 1215 4829 noti
1238 4793 1271 4830 en
1284 4775 1474 4831 Vollnrachten
1499 4793 1539 4830 er-

170 4838 273 4910 langen,
292 4841 346 4895 und
359 4841 441 4896 damit
460 4843 519 4896 liam
534 4843 576 4896 die
589 4843 674 4896 Sache
689 4843 736 4897 der
748 4844 923 4916 Abberufung
941 4847 968 4899 in
981 4847 1211 4917 beschleunigtere
1251 4846 1426 4919 erhandlung.
1446 4847 1538 4919 Vergl.
1628 4875 1631 4878 ·

171 4908 209 4963 die
222 4911 345 4966 Berichte
364 4913 410 4967 der
429 4913 530 4967 kaiserl.
542 4913 696 4968 Gesandteu
714 4931 761 4968 aus
774 4915 888 4970 London
907 4916 960 4972 und
979 4917 1048 4972 Rom
1067 4917 1109 4971 bei
1123 4917 1240 4984 urewer,
1259 4917 1351 4988 mn.
1373 4933 1447 4988 5255,
1463 4917 1538 4988 5356,

173 4993 245 5048 5440,
270 4981 316 5035 das
335 4981 444 5037 letztere
462 4983 654 5038 aussbhrlicher
673 4985 715 5039 bei
734 4985 983 5059 Berg.·Gayangos,
1003 4987 1048 5042 111.
1068 5003 1092 5054 2,
1110 5005 1135 5059 p.
1156 4987 1208 5060 969
1226 5006 1264 5060 sq.
1302 4989 1376 5043 Uber
1394 4989 1440 5075 das
1454 4989 1540 5044 Breve
