3782 5532
333 312 375 374 42
1449 327 1606 399 September
1627 327 1702 395 1528.

334 482 510 567 commodi,
533 483 592 553 che
616 509 657 553 ne
680 487 722 574 pb
747 496 887 572 expettar
910 508 1054 573 ognuno,
1078 497 1111 554 et
1133 497 1252 574 quanto
1275 487 1316 555 N.
1334 485 1470 574 Siguore
1493 485 1555 554 l’ha
1576 509 1702 575 sempre
1809 575 1815 584 ι

334 589 512 659 desiderato
536 601 567 658 et
590 589 748 673 desidera,
777 610 807 658 et
831 614 926 658 come
953 614 1020 658 non
1050 615 1101 659 333
1130 615 1186 680 per
1214 591 1327 659 lassare
1355 591 1386 658 di
1410 591 1455 658 133
1482 593 1560 680 ogni
1583 590 1702 674 officio,

333 695 449 784 perchb
472 697 503 781 si
521 695 668 778 havesse,
696 695 943 785 soggiungendo
971 696 1029 764 che
1057 721 1125 764 non
1153 696 1290 764 essendo
1318 709 1400 765 stato
1423 721 1501 785 gran
1528 696 1704 766 differentia

334 801 396 869 neli
419 804 534 870 trattati
560 803 683 890 passati,
708 803 792 870 ch'io
816 801 967 885 iudicant,
992 803 1050 870 che
1073 814 1200 891 potesse
1223 815 1331 870 tornat
1355 826 1372 870 a
1394 826 1470 892 gran
1494 803 1594 890 gloria
1618 815 1648 871 et
1672 802 1702 870 di

334 906 437 975 molto
468 909 582 976 merito
606 932 755 998 appresso
779 909 843 975 Dio
868 922 899 976 et
926 911 954 975 al
978 908 1102 976 mondo
1132 921 1215 978 tutto
1239 933 1256 976 a
1279 909 1311 976 S.
1335 909 1380 976 M.
1406 921 1476 977 313
1500 911 1550 977 3131
1578 909 1609 976 di
1632 909 1703 976 loro

333 1015 434 1102 prima
457 1015 635 1083 rimettesse
662 1015 772 1082 alcuna
796 1037 870 1082 cosa
893 1013 932 1082 de
955 1014 1026 1081 loro
1048 1017 1181 1104 ragione
1203 1039 1221 1082 a
1243 1016 1308 1082 Dio
1333 1035 1364 1082 et
1387 1014 1499 1082 alben
1522 1013 1648 1103 publico
1672 1032 1705 1082 et

334 1119 390 1188 alla
422 1122 605 1202 cristianitl,
632 1119 661 1187 la
690 1120 780 1209 quale
808 1120 887 1188 hora
915 1119 953 1187 da
981 1122 1059 1208 ogni
1089 1119 1191 1189 banda
1215 1125 1231 1188 ὲ
1255 1119 1364 1188 31111133
1391 1121 1486 1188 etha
1517 1121 1556 1188 da
1582 1134 1704 1189 temere

334 1224 385 1294 del
407 1249 467 1294 suo
490 1228 622 1294 vecchio
646 1227 784 1308 nemico,
809 1243 840 1294 et
863 1245 976 1315 questo
1001 1249 1056 1314 pet
1079 1229 1187 1294 venire
1211 1250 1227 1294 a
1251 1225 1315 1294 fine
1344 1226 1374 1293 di
1398 1239 1511 1314 questo
1535 1226 1704 1309 desideri0,

335 1332 393 1399 che
417 1332 457 1399 ha
481 1344 563 1401 tutto
591 1332 611 1398 il
634 1330 759 1399 mondo
783 1331 873 1400 dela
901 1355 987 1420 pace.
1034 1333 1071 1400 Et
1095 1335 1173 1400 saria
1201 1332 1300 1420 lungo
1323 1334 1459 1399 scrivere
1486 1343 1570 1401 tutto
1598 1331 1704 1422 quello

335 1437 394 1506 che
417 1437 444 1504 13
467 1441 596 1507 materia
619 1436 659 1505 da
681 1462 715 1506 se
738 1439 842 1505 riccho
866 1441 910 1505 mi
933 1461 1072 1526 porgeva
1095 1438 1152 1505 alla
1174 1438 1281 1525 lingua
1304 1439 1336 1505 in
1359 1436 1547 1527 persuadete
1570 1440 1602 1506 S.
1619 1439 1664 1505 M.
1687 1461 1706 1505 3

335 1556 444 1634 questa
468 1568 551 1612 cosa.

438 1650 475 1718 El
497 1650 640 1719 secundo
664 1662 764 1738 punto
788 1649 821 1717 fu
845 1649 884 1717 de
908 1649 935 1718 le
960 1673 1035 1718 cose
1059 1649 1091 1718 di
1109 1651 1260 1720 Ravenna
1283 1662 1315 1718 et
1331 1651 1455 1733 Cervia‚
1478 1672 1511 1718 et
1534 1652 1567 1717 in
1590 1668 1704 1739 questo

335 1777 451 1823 ancora
476 1754 667 1826 »l'iniustitia
690 1775 721 1823 et
737 1757 868 1845 iniquita
890 1757 923 1822 in
940 1779 1076 1844 occupat
1099 1755 1184 1825 dette
1208 1768 1309 1824 terre«
1336 1758 1380 1823 nti
1399 1757 1540 1824 snodava
1555 1756 1583 1823 la
1598 1754 1705 1844 lingua

335 1885 352 1928 a
376 1860 464 1929 dirve
486 1862 506 1929 il
530 1862 667 1950 bisogno
692 1873 724 1930 et
747 1862 895 1929 3331303133
918 1863 949 1930 S.
973 1863 1019 1929 M.
1043 1886 1060 1930 a
1084 1864 1287 1951 interponere
1312 1861 1548 1930 efficacemente
1572 1862 1706 1930 1301130-

335 1968 393 2034 3131
419 1992 474 2037 sua
502 1981 534 2036 et
556 1991 678 2057 operar,
708 1968 767 2036 che
791 1990 853 2035 con
878 1967 988 2036 effetto
1011 1981 1121 2058 questa
1144 1970 1343 2036 restitutione
1367 1970 1393 2036 si
1416 1968 1528 2051 faccia,
1557 1969 1663 2058 etqui
1688 1991 1705 2034 3

335 2073 398 2141 bon
424 2076 591 2164 proposito
614 2072 642 2141 le
666 2073 1192 2163 1331313331,0030101031333333313
1220 2074 1350 2143 l'animo
1374 2074 1405 2142 di
1428 2076 1469 2142 N.
1493 2076 1629 2162 Signore
1654 2097 1706 2141 era

339 2178 536 2248 »exulcerato
566 2192 675 2248 contra
700 2179 831 2264 Cesare,
860 2179 1026 2268 Spagnoli‚
1050 2179 1210 2248 Tedeschi
1237 2203 1293 2268 per
1321 2181 1341 2246 li
1365 2179 1460 2248 dauni
1489 2179 1528 2248 da
1555 2180 1625 2247 loro
1654 2203 1707 2268 pa-

335 2287 420 2368 titi«,
448 2284 592 2354 secondo
617 2285 675 2353 che
703 2285 814 2354 313033
835 2285 920 2353 volta
949 2309 1043 2374 sopra
1072 2287 1122 2353 cib
1145 2287 1187 2353 N.
1211 2287 1347 2374 Signore
1375 2287 1415 2353 ha
1438 2285 1582 2354 discorso
1611 2308 1706 2353 nteco

336 2390 538 2460 descendolil
561 2393 615 2480 poi
639 2416 656 2458 a
680 2391 773 2480 quelli
796 2391 986 2480 particulari,
1015 2392 1072 2459 che
1096 2403 1187 2460 tocca
1210 2392 1250 2459 V.
1275 2393 1305 2459 S.
1331 2416 1371 2459 ne
1394 2393 1421 2460 la
1444 2415 1500 2459 sua
1523 2392 1563 2460 de
1586 2392 1650 2474 111,
1675 2403 1707 2460 et

336 2510 592 2586 expressamente
615 2497 645 2566 le
661 2497 807 2580 dicharai‚
831 2497 889 2566 che
905 2517 1109 2588 quantunque
1132 2498 1162 2565 le
1178 2499 1289 2565 iniurie
1313 2510 1345 2565 et
1360 2497 1455 2566 danni
1478 2499 1566 2587 patiti
1582 2497 1706 2566 fossero

335 2603 537 2687 intolerabili,
564 2606 673 2672 niente
696 2603 727 2671 di
751 2627 849 2672 meno
874 2603 931 2671 che
956 2615 1065 2693 questa
1087 2605 1258 2672 ritentione
1283 2627 1335 2671 era
1357 2627 1419 2672 una
1449 2606 1561 2672 iniuria
1584 2627 1707 2692 perma-

336 2723 433 2779 nente
457 2723 488 2779 et
512 2710 569 2779 clte
594 2712 745 2778 continue
768 2721 853 2778 stava
876 2733 917 2777 ne
941 2710 961 2777 li
984 2709 1076 2778 occlti
1100 2709 1132 2779 di
1155 2711 1215 2778 Sua
1231 2710 1350 2778 Santita
1373 2711 1490 2799 fattagli
1514 2710 1553 2778 da
1569 2710 1708 2799 colligati

337 2835 367 2883 et
391 2815 429 2884 da
456 2816 565 2905 quelli,
595 2817 744 2885 ch’erano
773 2815 901 2904 obligati
931 2839 948 2882 3
971 2815 1144 2884 diffendere
1174 2817 1204 2883 le
1232 2839 1307 2883 cose
1338 2839 1408 2899 sue,
1441 2828 1472 2884 et
1503 2816 1561 2884 che
1588 2840 1605 2884 a
1628 2816 1707 2884 niun

337 2921 437 2988 modo
454 2923 515 2990 Sua
531 2921 728 2990 Beatitudine
751 2945 802 2990 era
818 2945 874 3010 pet
890 2921 1116 3011 comportath,
1141 2921 1300 2990 dicendoli
1316 2921 1421 3011 quello
1438 2923 1497 2990 che
1512 2922 1554 2989 N.
1570 2921 1707 3010 Signore

337 3028 380 3094 mi
405 3027 600 3096 cominando
624 3029 709 3095 ch'io
733 3026 845 3095 dicessi
868 3026 908 3095 de
932 3027 958 3094 13
983 3028 1188 3095 conclusione
1212 3026 1286 3095 fatta
1309 3029 1342 3093 in
1364 3029 1569 3109 concistori0‚
1593 3039 1625 3094 et
1648 3028 1707 3096 che

337 3132 465 3222 quando
490 3134 520 3201 S.
545 3135 590 3201 M.
616 3157 682 3200 non
711 3156 859 3222 operasse
889 3132 918 3200 la
940 3135 1154 3202 restitutione,
1169 3157 1232 3200 con
1261 3131 1386 3216 effetto,
1415 3133 1473 3200 ebe
1503 3134 1565 3201 Sua
1587 3133 1708 3201 Santitt

337 3263 404 3308 non
428 3263 480 3307 era
503 3263 559 3328 per
582 3263 728 3308 mancare
752 3239 808 3307 alla
831 3238 913 3308 Sede
932 3239 1118 3328 Apostolica
1141 3251 1171 3307 et
1194 3263 1211 3306 3
1234 3263 1268 3306 se
1292 3241 1401 3306 istesso
1424 3262 1479 3327 per
1501 3251 1581 3307 tutte
1604 3240 1707 3329 quelle

337 3348 402 3428 vie,
431 3347 489 3414 che
513 3346 540 3414 le
563 3347 726 3434 paressino
751 3344 945 3434 expedienti,
973 3345 1135 3434 parendoli
1164 3345 1271 3414 honrai
1300 3344 1330 3412 di
1355 3368 1440 3413 esser
1467 3344 1632 3413 iustificata
1654 3368 1707 3434 ap·

337 3475 447 3540 presso
470 3453 536 3520 Dio
561 3471 592 3520 et
615 3452 658 3541 gli
682 3451 837 3520 huomini.

442 3559 474 3626 S.
498 3559 543 3626 M.
568 3559 612 3625 nri
641 3557 727 3626 dette
754 3557 892 3646 benigna
919 3557 1076 3626 audientia
1104 3577 1134 3625 et
1162 3568 1390 3626 attentarnente
1417 3569 1516 3626 attese
1539 3582 1557 3624 a
1580 3569 1663 3625 tutto
1686 3557 1707 3623 il

336 3664 446 3754 parlar,
470 3677 502 3733 et
525 3664 582 3732 alle
605 3663 784 3733 salutationi
808 3683 839 3730 et
862 3661 1075 3730 benedictioni
1100 3665 1242 3751 risposc²
1264 3661 1479 3751 ringratiando
1503 3664 1565 3730 Sua
1588 3664 1709 3730 Santitd

337 3769 474 3839 dicendo
498 3771 555 3838 che
579 3793 705 3859 sempre
729 3769 757 3836 13
781 3793 832 3837 333
855 3780 937 3836 stato
960 3768 1025 3836 bon
1050 3767 1194 3855 figliuolo
1218 3787 1250 3836 et
1273 3792 1399 3858 sempre
1422 3770 1516 3850 saria,
1544 3767 1707 3837 levandosi

338 3877 357 3943 il
381 3876 515 3945 bonetto
539 3874 570 3943 di
586 3899 676 3964 capo,
700 3875 828 3964 quando
852 3886 1010 3943 accettava
1032 3875 1060 3942 la
1076 3873 1309 3942 benedictione.
1347 3875 1445 3964 Dipoi
1462 3876 1544 3943 circa
1566 3875 1587 3942 il
1602 3877 1707 3964 primo

337 3983 469 4050 articulo
493 3981 658 4050 laMaestl
680 3983 742 4049 con
760 3981 859 4049 rnolte
882 3980 989 4070 parole
1012 3983 1039 4048 si
1054 3979 1159 4048 sforzd
1184 3980 1215 4048 di
1238 3980 1415 4063 iustificare,
1440 3981 1498 4049 che
1514 3979 1554 4048 da
1575 3981 1615 4048 lei
1639 4005 1707 4048 non

338 4111 390 4156 333
413 4106 559 4155 mancato
585 4100 616 4155 et
638 4089 696 4156 che
720 4088 818 4155 havea
835 4087 946 4156 voluto
971 4087 1034 4155 1333
1057 4099 1140 4157 tutto
1164 4087 1269 4178 quello
1294 4088 1352 4155 che
1376 4087 1459 4154 fusse
1483 4089 1708 4170 conveniente,

337 4193 484 4282 pagando
513 4193 565 4261 dui
594 4193 727 4261 millioni
756 4192 879 4262 ducati³
901 4205 960 4261 etc.
985 4192 1192 4262 discottendo
1221 4192 1379 4261 1113331311
1404 4194 1509 4260 havuti
1536 4194 1568 4260 in
1595 4192 1708 4261 Madril

338 4312 369 4367 et
392 4299 459 4367 31331
482 4301 592 4388 tempi,
616 4299 674 4368 che
697 4301 723 4366 si
745 4303 873 4367 bttatto
898 4299 928 4366 di
951 4323 1039 4388 pace,
1062 4311 1093 4367 et
1117 4300 1175 4367 che
1191 4299 1234 4366 lui
1256 4322 1323 4366 non
1348 4297 1530 4367 desiderava
1552 4299 1631 4367 31130
1648 4299 1707 4368 che
1785 4313 1797 4342 ¹

337 4427 446 4496 questa
469 4429 545 4495 pace
570 4429 625 4493 per
647 4405 797 4473 rehavere
821 4405 840 4472 li
864 4404 1011 4494 figliuoli,
1035 4405 1074 4474 de
1097 4406 1119 4473 li
1142 4405 1224 4495 quali
1247 4429 1314 4472 non
1342 4405 1440 4474 lravea
1463 4428 1538 4472 cosa
1561 4405 1614 4494 piu
1638 4428 1707 4472 cara

337 4511 424 4601 dopo
448 4512 576 4580 l’honor
599 4536 668 4595 suo,
693 4535 745 4580 rna
768 4511 826 4579 che
849 4513 903 4600 pilt
925 4523 1032 4600 presto
1050 4535 1101 4580 333
1123 4534 1180 4599 per
1203 4511 1317 4578 lassarli
1341 4511 1369 4577 la
1392 4533 1434 4598 40
1450 4513 1535 4593 anni,
1559 4512 1618 4580 che
1642 4535 1708 4579 rna·

338 4618 421 4686 cular
444 4619 572 4686 l’honor
595 4642 664 4700 suu,
693 4617 784 4708 quale
807 4617 913 4700 volea,
942 4641 1036 4686 corne
1058 4620 1107 4685 sin
1131 4619 1184 4707 qui
1211 4618 1251 4684 ha
1277 4616 1366 4700 13110,
1394 4616 1527 4706 guardar
1554 4619 1626 4685 sino
1643 4617 1708 4684 -alla

338 4738 458 4808 morte,
486 4723 733 4814 soggiungendo
758 4722 872 4812 ch'egli
899 4724 997 4792 havea
1021 4723 1131 4792 voluto
1155 4746 1268 4812 pagare
1296 4723 1356 4790 3110
1380 4723 1575 4812 Imperatore
1603 4722 1709 4792 ducati

446 4892 454 4922 ¹
473 4884 525 4938 Th.
544 4883 684 4938 dicendoli.
793 4881 873 4941 ’Th.
893 4881 1071 4937 benedictioni
1090 4892 1140 4937 etc.
1177 4883 1299 4954 Rispose.

445 4961 455 4994 ³
474 4955 524 5016 Th.
544 4971 578 5014 an
596 4953 678 5008 Stelle
697 4971 752 5011 von
770 4951 857 5010 ducati
876 4984 909 4993 -
928 4953 1011 5010 d’oro.
