<?xml version="1.0" encoding="UTF-8"?>
<!DOCTYPE html PUBLIC "-//W3C//DTD XHTML 1.0 Transitional//EN"
    "http://www.w3.org/TR/xhtml1/DTD/xhtml1-transitional.dtd">
<html xmlns="http://www.w3.org/1999/xhtml" xml:lang="en" lang="en">
 <head>
  <title>
</title>
<meta http-equiv="Content-Type" content="text/html;charset=utf-8" />
  <meta name='ocr-system' content='tesseract 3.04.00' />
  <meta name='ocr-capabilities' content='ocr_page ocr_carea ocr_par ocr_line ocrx_word'/>
</head>
<body>
  <div class='ocr_page' id='page_1' title='image "./rmischedokument00ehsegoog_0068.png"; bbox 0 0 3850 5534; ppageno 0'>
   <div class='ocr_carea' id='block_1_1' title="bbox 210 278 1582 361">
    <p class='ocr_par' dir='ltr' id='par_1_1' title="bbox 210 278 1582 361">
     <span class='ocr_line' id='line_1_1' title="bbox 210 278 1582 361; baseline 0.001 -19"><span class='ocrx_word' id='word_1_1' title='bbox 210 303 282 361; x_wconf 76' lang='lat'>¹5²7</span> <span class='ocrx_word' id='word_1_2' title='bbox 301 286 460 354; x_wconf 85' lang='lat' dir='ltr'><strong>Dezember.</strong></span> <span class='ocrx_word' id='word_1_3' title='bbox 1543 278 1582 354; x_wconf 77' lang='lat' dir='ltr'><strong>lb</strong></span> 
     </span>
    </p>
   </div>
   <div class='ocr_carea' id='block_1_2' title="bbox 205 447 1662 4994">
    <p class='ocr_par' dir='ltr' id='par_1_2' title="bbox 205 447 1662 4994">
     <span class='ocr_line' id='line_1_2' title="bbox 209 447 1583 540; baseline 0.001 -22"><span class='ocrx_word' id='word_1_4' title='bbox 209 451 318 538; x_wconf 90' lang='lat' dir='ltr'><strong>primo</strong></span> <span class='ocrx_word' id='word_1_5' title='bbox 341 447 499 518; x_wconf 88' lang='lat' dir='ltr'><strong>affinitatis</strong></span> <span class='ocrx_word' id='word_1_6' title='bbox 522 449 621 538; x_wconf 90' lang='lat' dir='ltr'><strong>gradu</strong></span> <span class='ocrx_word' id='word_1_7' title='bbox 649 450 786 518; x_wconf 91' lang='lat' dir='ltr'><strong>invicem</strong></span> <span class='ocrx_word' id='word_1_8' title='bbox 812 449 881 518; x_wconf 83' lang='lat' dir='ltr'><strong>fote</strong></span> <span class='ocrx_word' id='word_1_9' title='bbox 904 451 1112 532; x_wconf 88' lang='lat' dir='ltr'><strong>coniunctos,</strong></span> <span class='ocrx_word' id='word_1_10' title='bbox 1141 452 1382 519; x_wconf 87' lang='lat' dir='ltr'><strong>matrimonium</strong></span> <span class='ocrx_word' id='word_1_11' title='bbox 1410 475 1466 540; x_wconf 90' lang='lat' dir='ltr'><strong>per</strong></span> <span class='ocrx_word' id='word_1_12' title='bbox 1489 451 1583 522; x_wconf 83' lang='lat' dir='ltr'><strong>verba</strong></span> 
     </span>
     <span class='ocr_line' id='line_1_3' title="bbox 209 555 1583 647; baseline 0.002 -23"><span class='ocrx_word' id='word_1_13' title='bbox 209 555 285 624; x_wconf 90' lang='lat' dir='ltr'><strong>alias</strong></span> <span class='ocrx_word' id='word_1_14' title='bbox 307 555 451 644; x_wconf 89' lang='lat' dir='ltr'><strong>legitime</strong></span> <span class='ocrx_word' id='word_1_15' title='bbox 474 556 514 624; x_wconf 91' lang='lat' dir='ltr'><strong>de</strong></span> <span class='ocrx_word' id='word_1_16' title='bbox 534 557 702 645; x_wconf 86' lang='lat' dir='ltr'><strong>praesenti,</strong></span> <span class='ocrx_word' id='word_1_17' title='bbox 725 555 808 624; x_wconf 89' lang='lat' dir='ltr'><strong>nulla</strong></span> <span class='ocrx_word' id='word_1_18' title='bbox 831 555 942 624; x_wconf 89' lang='lat' dir='ltr'><strong>saltem</strong></span> <span class='ocrx_word' id='word_1_19' title='bbox 966 557 1119 624; x_wconf 87' lang='lat' dir='ltr'><strong>canonica</strong></span> <span class='ocrx_word' id='word_1_20' title='bbox 1142 579 1198 624; x_wconf 92' lang='lat' dir='ltr'><strong>seu</strong></span> <span class='ocrx_word' id='word_1_21' title='bbox 1222 557 1322 625; x_wconf 89' lang='lat' dir='ltr'><strong>valida</strong></span> <span class='ocrx_word' id='word_1_22' title='bbox 1345 556 1583 647; x_wconf 88' lang='lat' dir='ltr'><strong>dispensatione</strong></span> 
     </span>
     <span class='ocr_line' id='line_1_4' title="bbox 209 661 1584 753; baseline 0.002 -23"><span class='ocrx_word' id='word_1_23' title='bbox 209 661 348 749; x_wconf 88' lang='lat' dir='ltr'><strong>desuper</strong></span> <span class='ocrx_word' id='word_1_24' title='bbox 371 661 511 745; x_wconf 88' lang='lat' dir='ltr'><strong>obtenta,</strong></span> <span class='ocrx_word' id='word_1_25' title='bbox 535 663 679 752; x_wconf 90' lang='lat' dir='ltr'><strong>quamvis</strong></span> <span class='ocrx_word' id='word_1_26' title='bbox 695 662 734 730; x_wconf 90' lang='lat' dir='ltr'><strong>de</strong></span> <span class='ocrx_word' id='word_1_27' title='bbox 758 661 841 730; x_wconf 84' lang='lat' dir='ltr'><strong>facto</strong></span> <span class='ocrx_word' id='word_1_28' title='bbox 865 661 1063 730; x_wconf 84' lang='lat' dir='ltr'><strong>contraxistis</strong></span> <span class='ocrx_word' id='word_1_29' title='bbox 1079 661 1217 752; x_wconf 91' lang='lat' dir='ltr'><strong>illudque</strong></span> <span class='ocrx_word' id='word_1_30' title='bbox 1241 663 1355 730; x_wconf 87' lang='lat' dir='ltr'><strong>carnali</strong></span> <span class='ocrx_word' id='word_1_31' title='bbox 1379 663 1490 753; x_wconf 89' lang='lat' dir='ltr'><strong>copula</strong></span> <span class='ocrx_word' id='word_1_32' title='bbox 1507 689 1584 733; x_wconf 92' lang='lat' dir='ltr'><strong>con·</strong></span> 
     </span>
     <span class='ocr_line' id='line_1_5' title="bbox 209 767 1584 857; baseline 0.005 -24"><span class='ocrx_word' id='word_1_33' title='bbox 209 768 360 834; x_wconf 87' lang='lat' dir='ltr'><strong>sumastis</strong></span> <span class='ocrx_word' id='word_1_34' title='bbox 392 791 428 835; x_wconf 92' lang='lat' dir='ltr'><strong>ac</strong></span> <span class='ocrx_word' id='word_1_35' title='bbox 458 768 580 856; x_wconf 86' lang='lat' dir='ltr'><strong>prolem</strong></span> <span class='ocrx_word' id='word_1_36' title='bbox 612 792 650 836; x_wconf 91' lang='lat' dir='ltr'><strong>ex</strong></span> <span class='ocrx_word' id='word_1_37' title='bbox 683 767 868 836; x_wconf 90' lang='lat' dir='ltr'><strong>huiusmodi</strong></span> <span class='ocrx_word' id='word_1_38' title='bbox 900 769 1106 836; x_wconf 88' lang='lat' dir='ltr'><strong>matrimonio</strong></span> <span class='ocrx_word' id='word_1_39' title='bbox 1139 770 1330 857; x_wconf 88' lang='lat' dir='ltr'><strong>suscepistis,</strong></span> <span class='ocrx_word' id='word_1_40' title='bbox 1364 774 1584 840; x_wconf 88' lang='lat' dir='ltr'><strong>excommuni-</strong></span> 
     </span>
     <span class='ocr_line' id='line_1_6' title="bbox 208 872 1583 957; baseline 0.005 -17"><span class='ocrx_word' id='word_1_41' title='bbox 208 873 345 940; x_wconf 87' lang='lat' dir='ltr'><strong>cationis</strong></span> <span class='ocrx_word' id='word_1_42' title='bbox 368 876 559 942; x_wconf 89' lang='lat' dir='ltr'><strong>sententiam</strong></span> <span class='ocrx_word' id='word_1_43' title='bbox 582 872 790 957; x_wconf 91' lang='lat' dir='ltr'><strong>incurrendo;</strong></span> <span class='ocrx_word' id='word_1_44' title='bbox 815 886 846 942; x_wconf 88' lang='lat' dir='ltr'><strong>et</strong></span> <span class='ocrx_word' id='word_1_45' title='bbox 870 898 943 942; x_wconf 91' lang='lat' dir='ltr'><strong>cum</strong></span> <span class='ocrx_word' id='word_1_46' title='bbox 959 873 1108 942; x_wconf 85' lang='lat' dir='ltr'><strong>Maiestas</strong></span> <span class='ocrx_word' id='word_1_47' title='bbox 1124 873 1195 942; x_wconf 91' lang='lat' dir='ltr'><strong>Tua</strong></span> <span class='ocrx_word' id='word_1_48' title='bbox 1213 876 1247 942; x_wconf 96' lang='lat' dir='ltr'><strong>in</strong></span> <span class='ocrx_word' id='word_1_49' title='bbox 1269 874 1454 944; x_wconf 90' lang='lat' dir='ltr'><strong>huiusmodi</strong></span> <span class='ocrx_word' id='word_1_50' title='bbox 1477 881 1583 947; x_wconf 91' lang='lat' dir='ltr'><strong>matri-</strong></span> 
     </span>
     <span class='ocr_line' id='line_1_7' title="bbox 207 978 1583 1070; baseline 0.004 -24"><span class='ocrx_word' id='word_1_51' title='bbox 207 980 324 1046; x_wconf 91' lang='lat' dir='ltr'><strong>monio</strong></span> <span class='ocrx_word' id='word_1_52' title='bbox 355 978 472 1069; x_wconf 90' lang='lat' dir='ltr'><strong>absque</strong></span> <span class='ocrx_word' id='word_1_53' title='bbox 501 993 632 1068; x_wconf 90' lang='lat' dir='ltr'><strong>peccato</strong></span> <span class='ocrx_word' id='word_1_54' title='bbox 659 1002 824 1048; x_wconf 88' lang='lat' dir='ltr'><strong>remanere</strong></span> <span class='ocrx_word' id='word_1_55' title='bbox 858 990 1009 1070; x_wconf 88' lang='lat' dir='ltr'><strong>nequeat,</strong></span> <span class='ocrx_word' id='word_1_56' title='bbox 1050 991 1082 1048; x_wconf 91' lang='lat' dir='ltr'><strong>et</strong></span> <span class='ocrx_word' id='word_1_57' title='bbox 1113 1004 1155 1048; x_wconf 93' lang='lat' dir='ltr'><strong>ne</strong></span> <span class='ocrx_word' id='word_1_58' title='bbox 1187 979 1303 1049; x_wconf 89' lang='lat' dir='ltr'><strong>diutius</strong></span> <span class='ocrx_word' id='word_1_59' title='bbox 1337 983 1370 1048; x_wconf 92' lang='lat' dir='ltr'><strong>in</strong></span> <span class='ocrx_word' id='word_1_60' title='bbox 1398 982 1583 1052; x_wconf 89' lang='lat' dir='ltr'><strong>huiusmodi</strong></span> 
     </span>
     <span class='ocr_line' id='line_1_8' title="bbox 209 1085 1584 1172; baseline 0.004 -20"><span class='ocrx_word' id='word_1_61' title='bbox 209 1104 346 1172; x_wconf 89' lang='lat' dir='ltr'><strong>peccato</strong></span> <span class='ocrx_word' id='word_1_62' title='bbox 372 1099 403 1153; x_wconf 91' lang='lat' dir='ltr'><strong>et</strong></span> <span class='ocrx_word' id='word_1_63' title='bbox 427 1086 766 1154; x_wconf 84' lang='lat' dir='ltr'><strong>excommunicationis</strong></span> <span class='ocrx_word' id='word_1_64' title='bbox 788 1087 944 1154; x_wconf 86' lang='lat' dir='ltr'><strong>sententia</strong></span> <span class='ocrx_word' id='word_1_65' title='bbox 967 1097 1139 1167; x_wconf 89' lang='lat' dir='ltr'><strong>remaneat,</strong></span> <span class='ocrx_word' id='word_1_66' title='bbox 1163 1085 1318 1154; x_wconf 89' lang='lat' dir='ltr'><strong>desiderat</strong></span> <span class='ocrx_word' id='word_1_67' title='bbox 1340 1086 1379 1155; x_wconf 92' lang='lat' dir='ltr'><strong>ab</strong></span> <span class='ocrx_word' id='word_1_68' title='bbox 1401 1090 1584 1158; x_wconf 90' lang='lat' dir='ltr'><strong>huiusmodi</strong></span> 
     </span>
     <span class='ocr_line' id='line_1_9' title="bbox 209 1191 1583 1281; baseline 0.007 -24"><span class='ocrx_word' id='word_1_69' title='bbox 209 1192 554 1259; x_wconf 83' lang='lat' dir='ltr'><strong>excommunicationis</strong></span> <span class='ocrx_word' id='word_1_70' title='bbox 576 1194 770 1260; x_wconf 87' lang='lat' dir='ltr'><strong>sententiaa</strong></span> <span class='ocrx_word' id='word_1_71' title='bbox 791 1191 895 1260; x_wconf 92' lang='lat' dir='ltr'><strong>iudice</strong></span> <span class='ocrx_word' id='word_1_72' title='bbox 919 1191 1130 1260; x_wconf 87' lang='lat' dir='ltr'><strong>ecclesiastico</strong></span> <span class='ocrx_word' id='word_1_73' title='bbox 1148 1204 1352 1281; x_wconf 88' lang='lat' dir='ltr'><strong>competente</strong></span> <span class='ocrx_word' id='word_1_74' title='bbox 1375 1194 1583 1266; x_wconf 87' lang='lat' dir='ltr'><strong>absolutionis</strong></span> 
     </span>
     <span class='ocr_line' id='line_1_10' title="bbox 208 1295 1582 1386; baseline 0.005 -22"><span class='ocrx_word' id='word_1_75' title='bbox 208 1295 470 1365; x_wconf 89' lang='lat' dir='ltr'><strong>benedictionem</strong></span> <span class='ocrx_word' id='word_1_76' title='bbox 487 1297 642 1380; x_wconf 90' lang='lat' dir='ltr'><strong>obtinere,</strong></span> <span class='ocrx_word' id='word_1_77' title='bbox 666 1321 702 1365; x_wconf 87' lang='lat' dir='ltr'><strong>ac</strong></span> <span class='ocrx_word' id='word_1_78' title='bbox 717 1298 956 1366; x_wconf 87' lang='lat' dir='ltr'><strong>matrimonium</strong></span> <span class='ocrx_word' id='word_1_79' title='bbox 976 1298 1079 1386; x_wconf 91' lang='lat' dir='ltr'><strong>ipsum</strong></span> <span class='ocrx_word' id='word_1_80' title='bbox 1099 1297 1220 1366; x_wconf 91' lang='lat' dir='ltr'><strong>nullum</strong></span> <span class='ocrx_word' id='word_1_81' title='bbox 1243 1310 1274 1367; x_wconf 94' lang='lat' dir='ltr'><strong>et</strong></span> <span class='ocrx_word' id='word_1_82' title='bbox 1295 1299 1465 1369; x_wconf 89' lang='lat' dir='ltr'><strong>invalidum</strong></span> <span class='ocrx_word' id='word_1_83' title='bbox 1487 1301 1582 1372; x_wconf 84' lang='lat' dir='ltr'><strong>fuisse</strong></span> 
     </span>
     <span class='ocr_line' id='line_1_11' title="bbox 208 1402 1582 1494; baseline 0.004 -23"><span class='ocrx_word' id='word_1_84' title='bbox 208 1402 329 1493; x_wconf 92' lang='lat' dir='ltr'><strong>tibique</strong></span> <span class='ocrx_word' id='word_1_85' title='bbox 353 1402 458 1486; x_wconf 92' lang='lat' dir='ltr'><strong>licere,</strong></span> <span class='ocrx_word' id='word_1_86' title='bbox 482 1427 555 1471; x_wconf 81' lang='lat' dir='ltr'><strong>curn</strong></span> <span class='ocrx_word' id='word_1_87' title='bbox 578 1426 764 1494; x_wconf 89' lang='lat' dir='ltr'><strong>quacunque</strong></span> <span class='ocrx_word' id='word_1_88' title='bbox 787 1403 845 1471; x_wconf 88' lang='lat' dir='ltr'><strong>aha</strong></span> <span class='ocrx_word' id='word_1_89' title='bbox 868 1403 1015 1486; x_wconf 91' lang='lat' dir='ltr'><strong>muliere,</strong></span> <span class='ocrx_word' id='word_1_90' title='bbox 1039 1403 1100 1472; x_wconf 91' lang='lat' dir='ltr'><strong>alio</strong></span> <span class='ocrx_word' id='word_1_91' title='bbox 1124 1426 1191 1472; x_wconf 94' lang='lat' dir='ltr'><strong>non</strong></span> <span class='ocrx_word' id='word_1_92' title='bbox 1216 1404 1391 1473; x_wconf 88' lang='lat' dir='ltr'><strong>obsistente</strong></span> <span class='ocrx_word' id='word_1_93' title='bbox 1415 1410 1582 1491; x_wconf 89' lang='lat' dir='ltr'><strong>canonic0,</strong></span> 
     </span>
     <span class='ocr_line' id='line_1_12' title="bbox 209 1509 1582 1592; baseline 0.004 -16"><span class='ocrx_word' id='word_1_94' title='bbox 209 1510 452 1577; x_wconf 88' lang='lat' dir='ltr'><strong>matrimonium</strong></span> <span class='ocrx_word' id='word_1_95' title='bbox 477 1510 665 1578; x_wconf 88' lang='lat' dir='ltr'><strong>contrahere</strong></span> <span class='ocrx_word' id='word_1_96' title='bbox 689 1509 856 1592; x_wconf 89' lang='lat' dir='ltr'><strong>declarari,</strong></span> <span class='ocrx_word' id='word_1_97' title='bbox 884 1528 916 1577; x_wconf 92' lang='lat' dir='ltr'><strong>et</strong></span> <span class='ocrx_word' id='word_1_98' title='bbox 943 1511 976 1582; x_wconf 90' lang='lat' dir='ltr'><strong>in</strong></span> <span class='ocrx_word' id='word_1_99' title='bbox 1005 1521 1155 1578; x_wconf 89' lang='lat' dir='ltr'><strong>eventum</strong></span> <span class='ocrx_word' id='word_1_100' title='bbox 1184 1509 1405 1579; x_wconf 89' lang='lat' dir='ltr'><strong>declarationis</strong></span> <span class='ocrx_word' id='word_1_101' title='bbox 1433 1511 1582 1582; x_wconf 88' lang='lat' dir='ltr'><strong>nullitatis</strong></span> 
     </span>
     <span class='ocr_line' id='line_1_13' title="bbox 208 1614 1582 1706; baseline 0.004 -24"><span class='ocrx_word' id='word_1_102' title='bbox 208 1616 409 1683; x_wconf 86' lang='lat' dir='ltr'><strong>matrimonii</strong></span> <span class='ocrx_word' id='word_1_103' title='bbox 431 1615 616 1684; x_wconf 91' lang='lat' dir='ltr'><strong>huiusmodi</strong></span> <span class='ocrx_word' id='word_1_104' title='bbox 638 1628 744 1684; x_wconf 89' lang='lat' dir='ltr'><strong>tecum</strong></span> <span class='ocrx_word' id='word_1_105' title='bbox 769 1614 959 1704; x_wconf 88' lang='lat' dir='ltr'><strong>dispensari,</strong></span> <span class='ocrx_word' id='word_1_106' title='bbox 989 1627 1021 1684; x_wconf 89' lang='lat' dir='ltr'><strong>ut</strong></span> <span class='ocrx_word' id='word_1_107' title='bbox 1047 1639 1120 1684; x_wconf 87' lang='lat' dir='ltr'><strong>cum</strong></span> <span class='ocrx_word' id='word_1_108' title='bbox 1148 1639 1336 1706; x_wconf 88' lang='lat' dir='ltr'><strong>quacunque</strong></span> <span class='ocrx_word' id='word_1_109' title='bbox 1359 1617 1417 1684; x_wconf 92' lang='lat' dir='ltr'><strong>alia</strong></span> <span class='ocrx_word' id='word_1_110' title='bbox 1440 1617 1582 1704; x_wconf 90' lang='lat' dir='ltr'><strong>muliere,</strong></span> 
     </span>
     <span class='ocr_line' id='line_1_14' title="bbox 208 1720 1583 1812; baseline 0.003 -24"><span class='ocrx_word' id='word_1_111' title='bbox 208 1722 335 1789; x_wconf 91' lang='lat' dir='ltr'><strong>etiamsi</strong></span> <span class='ocrx_word' id='word_1_112' title='bbox 359 1721 408 1788; x_wconf 89' lang='lat' dir='ltr'><strong>illa</strong></span> <span class='ocrx_word' id='word_1_113' title='bbox 431 1721 500 1788; x_wconf 90' lang='lat' dir='ltr'><strong>talis</strong></span> <span class='ocrx_word' id='word_1_114' title='bbox 523 1723 578 1804; x_wconf 89' lang='lat' dir='ltr'><strong>sit,</strong></span> <span class='ocrx_word' id='word_1_115' title='bbox 606 1745 686 1812; x_wconf 89' lang='lat' dir='ltr'><strong>quae</strong></span> <span class='ocrx_word' id='word_1_116' title='bbox 709 1721 783 1790; x_wconf 90' lang='lat' dir='ltr'><strong>alias</strong></span> <span class='ocrx_word' id='word_1_117' title='bbox 807 1745 879 1789; x_wconf 91' lang='lat' dir='ltr'><strong>cum</strong></span> <span class='ocrx_word' id='word_1_118' title='bbox 903 1720 965 1789; x_wconf 91' lang='lat' dir='ltr'><strong>alio</strong></span> <span class='ocrx_word' id='word_1_119' title='bbox 989 1722 1230 1790; x_wconf 91' lang='lat' dir='ltr'><strong>matrimonium</strong></span> <span class='ocrx_word' id='word_1_120' title='bbox 1257 1724 1464 1806; x_wconf 81' lang='lat' dir='ltr'><strong>contraxerit,</strong></span> <span class='ocrx_word' id='word_1_121' title='bbox 1492 1723 1583 1793; x_wconf 89' lang='lat' dir='ltr'><strong>dum·</strong></span> 
     </span>
     <span class='ocr_line' id='line_1_15' title="bbox 208 1826 1583 1916; baseline 0.003 -22"><span class='ocrx_word' id='word_1_122' title='bbox 208 1826 313 1895; x_wconf 92' lang='lat' dir='ltr'><strong>modo</strong></span> <span class='ocrx_word' id='word_1_123' title='bbox 337 1827 413 1895; x_wconf 91' lang='lat' dir='ltr'><strong>illud</strong></span> <span class='ocrx_word' id='word_1_124' title='bbox 437 1827 552 1896; x_wconf 92' lang='lat' dir='ltr'><strong>carnali</strong></span> <span class='ocrx_word' id='word_1_125' title='bbox 568 1826 681 1916; x_wconf 89' lang='lat' dir='ltr'><strong>copula</strong></span> <span class='ocrx_word' id='word_1_126' title='bbox 703 1851 771 1895; x_wconf 94' lang='lat' dir='ltr'><strong>non</strong></span> <span class='ocrx_word' id='word_1_127' title='bbox 788 1829 1034 1910; x_wconf 88' lang='lat' dir='ltr'><strong>consumaverit,</strong></span> <span class='ocrx_word' id='word_1_128' title='bbox 1059 1829 1181 1896; x_wconf 91' lang='lat' dir='ltr'><strong>etiamsi</strong></span> <span class='ocrx_word' id='word_1_129' title='bbox 1203 1827 1260 1896; x_wconf 93' lang='lat' dir='ltr'><strong>tibi</strong></span> <span class='ocrx_word' id='word_1_130' title='bbox 1278 1829 1351 1896; x_wconf 89' lang='lat' dir='ltr'><strong>alias</strong></span> <span class='ocrx_word' id='word_1_131' title='bbox 1371 1829 1513 1899; x_wconf 91' lang='lat' dir='ltr'><strong>secundo</strong></span> <span class='ocrx_word' id='word_1_132' title='bbox 1532 1832 1583 1900; x_wconf 89' lang='lat' dir='ltr'><strong>vel</strong></span> 
     </span>
     <span class='ocr_line' id='line_1_16' title="bbox 206 1931 1581 2025; baseline 0.004 -25"><span class='ocrx_word' id='word_1_133' title='bbox 206 1935 379 2002; x_wconf 90' lang='lat' dir='ltr'><strong>remotiori</strong></span> <span class='ocrx_word' id='word_1_134' title='bbox 402 1935 694 2021; x_wconf 84' lang='lat' dir='ltr'><strong>consanguinitatis,</strong></span> <span class='ocrx_word' id='word_1_135' title='bbox 718 1946 771 2002; x_wconf 88' lang='lat' dir='ltr'><strong>aut</strong></span> <span class='ocrx_word' id='word_1_136' title='bbox 792 1936 898 2022; x_wconf 91' lang='lat' dir='ltr'><strong>primo</strong></span> <span class='ocrx_word' id='word_1_137' title='bbox 914 1931 1072 2002; x_wconf 88' lang='lat' dir='ltr'><strong>affinitatis</strong></span> <span class='ocrx_word' id='word_1_138' title='bbox 1095 1932 1195 2022; x_wconf 90' lang='lat' dir='ltr'><strong>gradu</strong></span> <span class='ocrx_word' id='word_1_139' title='bbox 1218 1957 1256 2002; x_wconf 89' lang='lat' dir='ltr'><strong>ex</strong></span> <span class='ocrx_word' id='word_1_140' title='bbox 1280 1957 1472 2025; x_wconf 90' lang='lat' dir='ltr'><strong>quocunque</strong></span> <span class='ocrx_word' id='word_1_141' title='bbox 1495 1935 1581 2006; x_wconf 90' lang='lat' dir='ltr'><strong>licito</strong></span> 
     </span>
     <span class='ocr_line' id='line_1_17' title="bbox 207 2038 1581 2126; baseline 0.001 -18"><span class='ocrx_word' id='word_1_142' title='bbox 207 2064 268 2108; x_wconf 89' lang='lat' dir='ltr'><strong>seu</strong></span> <span class='ocrx_word' id='word_1_143' title='bbox 290 2039 401 2108; x_wconf 91' lang='lat' dir='ltr'><strong>illicito</strong></span> <span class='ocrx_word' id='word_1_144' title='bbox 425 2041 512 2108; x_wconf 90' lang='lat' dir='ltr'><strong>coitu</strong></span> <span class='ocrx_word' id='word_1_145' title='bbox 536 2041 721 2122; x_wconf 88' lang='lat' dir='ltr'><strong>coniuncta,</strong></span> <span class='ocrx_word' id='word_1_146' title='bbox 751 2038 930 2107; x_wconf 91' lang='lat' dir='ltr'><strong>dummodo</strong></span> <span class='ocrx_word' id='word_1_147' title='bbox 955 2039 1060 2108; x_wconf 86' lang='lat' dir='ltr'><strong>relicta</strong></span> <span class='ocrx_word' id='word_1_148' title='bbox 1084 2038 1159 2106; x_wconf 90' lang='lat' dir='ltr'><strong>dicti</strong></span> <span class='ocrx_word' id='word_1_149' title='bbox 1181 2039 1283 2108; x_wconf 83' lang='lat' dir='ltr'><strong>fratris</strong></span> <span class='ocrx_word' id='word_1_150' title='bbox 1310 2043 1355 2110; x_wconf 86' lang='lat' dir='ltr'><strong>tui</strong></span> <span class='ocrx_word' id='word_1_151' title='bbox 1383 2065 1452 2109; x_wconf 93' lang='lat' dir='ltr'><strong>non</strong></span> <span class='ocrx_word' id='word_1_152' title='bbox 1479 2042 1581 2126; x_wconf 84' lang='lat' dir='ltr'><strong>fuerit,</strong></span> 
     </span>
     <span class='ocr_line' id='line_1_18' title="bbox 207 2143 1583 2239; baseline 0.001 -25"><span class='ocrx_word' id='word_1_153' title='bbox 207 2170 245 2214; x_wconf 92' lang='lat' dir='ltr'><strong>ac</strong></span> <span class='ocrx_word' id='word_1_154' title='bbox 270 2147 394 2239; x_wconf 88' lang='lat' dir='ltr'><strong>etiamsi</strong></span> <span class='ocrx_word' id='word_1_155' title='bbox 418 2146 611 2234; x_wconf 88' lang='lat' dir='ltr'><strong>cognatione</strong></span> <span class='ocrx_word' id='word_1_156' title='bbox 639 2145 789 2234; x_wconf 90' lang='lat' dir='ltr'><strong>spirituali</strong></span> <span class='ocrx_word' id='word_1_157' title='bbox 819 2145 871 2213; x_wconf 89' lang='lat' dir='ltr'><strong>vel</strong></span> <span class='ocrx_word' id='word_1_158' title='bbox 897 2144 989 2232; x_wconf 87' lang='lat' dir='ltr'><strong>legali</strong></span> <span class='ocrx_word' id='word_1_159' title='bbox 1019 2143 1075 2212; x_wconf 91' lang='lat' dir='ltr'><strong>tibi</strong></span> <span class='ocrx_word' id='word_1_160' title='bbox 1103 2147 1274 2214; x_wconf 89' lang='lat' dir='ltr'><strong>coniuncta</strong></span> <span class='ocrx_word' id='word_1_161' title='bbox 1302 2149 1438 2216; x_wconf 86' lang='lat' dir='ltr'><strong>extiterit</strong></span> <span class='ocrx_word' id='word_1_162' title='bbox 1466 2168 1497 2216; x_wconf 93' lang='lat' dir='ltr'><strong>et</strong></span> <span class='ocrx_word' id='word_1_163' title='bbox 1525 2150 1583 2216; x_wconf 89' lang='lat' dir='ltr'><strong>im·</strong></span> 
     </span>
     <span class='ocr_line' id='line_1_19' title="bbox 207 2251 1581 2341; baseline 0.002 -21"><span class='ocrx_word' id='word_1_164' title='bbox 207 2252 432 2341; x_wconf 86' lang='lat' dir='ltr'><strong>pedimentum</strong></span> <span class='ocrx_word' id='word_1_165' title='bbox 468 2251 609 2340; x_wconf 91' lang='lat' dir='ltr'><strong>publicae</strong></span> <span class='ocrx_word' id='word_1_166' title='bbox 648 2251 821 2320; x_wconf 89' lang='lat' dir='ltr'><strong>honestatis</strong></span> <span class='ocrx_word' id='word_1_167' title='bbox 855 2252 991 2320; x_wconf 92' lang='lat' dir='ltr'><strong>iustitiae</strong></span> <span class='ocrx_word' id='word_1_168' title='bbox 1025 2251 1189 2335; x_wconf 92' lang='lat' dir='ltr'><strong>subsistat,</strong></span> <span class='ocrx_word' id='word_1_169' title='bbox 1226 2253 1468 2322; x_wconf 88' lang='lat' dir='ltr'><strong>matrimonium</strong></span> <span class='ocrx_word' id='word_1_170' title='bbox 1496 2254 1581 2324; x_wconf 90' lang='lat' dir='ltr'><strong>licite</strong></span> 
     </span>
     <span class='ocr_line' id='line_1_20' title="bbox 208 2356 1582 2450; baseline 0.001 -24"><span class='ocrx_word' id='word_1_171' title='bbox 208 2357 401 2426; x_wconf 88' lang='lat' dir='ltr'><strong>contrahere</strong></span> <span class='ocrx_word' id='word_1_172' title='bbox 425 2371 456 2427; x_wconf 89' lang='lat' dir='ltr'><strong>et</strong></span> <span class='ocrx_word' id='word_1_173' title='bbox 479 2359 512 2426; x_wconf 90' lang='lat' dir='ltr'><strong>in</strong></span> <span class='ocrx_word' id='word_1_174' title='bbox 536 2381 576 2426; x_wconf 90' lang='lat' dir='ltr'><strong>eo</strong></span> <span class='ocrx_word' id='word_1_175' title='bbox 599 2356 695 2425; x_wconf 90' lang='lat' dir='ltr'><strong>libere</strong></span> <span class='ocrx_word' id='word_1_176' title='bbox 718 2379 883 2426; x_wconf 88' lang='lat' dir='ltr'><strong>remanere</strong></span> <span class='ocrx_word' id='word_1_177' title='bbox 898 2380 935 2424; x_wconf 87' lang='lat' dir='ltr'><strong>ac</strong></span> <span class='ocrx_word' id='word_1_178' title='bbox 958 2380 997 2426; x_wconf 85' lang='lat' dir='ltr'><strong>ex</strong></span> <span class='ocrx_word' id='word_1_179' title='bbox 1020 2381 1061 2426; x_wconf 92' lang='lat' dir='ltr'><strong>eo</strong></span> <span class='ocrx_word' id='word_1_180' title='bbox 1084 2358 1208 2446; x_wconf 91' lang='lat' dir='ltr'><strong>prolem</strong></span> <span class='ocrx_word' id='word_1_181' title='bbox 1223 2357 1399 2448; x_wconf 85' lang='lat' dir='ltr'><strong>legitimam</strong></span> <span class='ocrx_word' id='word_1_182' title='bbox 1422 2361 1582 2450; x_wconf 88' lang='lat' dir='ltr'><strong>suscipere</strong></span> 
     </span>
     <span class='ocr_line' id='line_1_21' title="bbox 208 2464 1582 2576; baseline 0.001 -44"><span class='ocrx_word' id='word_1_183' title='bbox 208 2467 325 2553; x_wconf 92' lang='lat' dir='ltr'><strong>possis.</strong></span> <span class='ocrx_word' id='word_1_184' title='bbox 373 2464 481 2544; x_wconf 90' lang='lat' dir='ltr'><strong>Quare</strong></span> <span class='ocrx_word' id='word_1_185' title='bbox 505 2487 564 2553; x_wconf 91' lang='lat' dir='ltr'><strong>pro</strong></span> <span class='ocrx_word' id='word_1_186' title='bbox 587 2476 675 2553; x_wconf 85' lang='lat' dir='ltr'><strong>parte</strong></span> <span class='ocrx_word' id='word_1_187' title='bbox 698 2465 744 2532; x_wconf 89' lang='lat' dir='ltr'><strong>tui</strong></span> <span class='ocrx_word' id='word_1_188' title='bbox 767 2466 950 2576; x_wconf 69' lang='lat' dir='ltr'><strong>asserentip,</strong></span> <span class='ocrx_word' id='word_1_189' title='bbox 981 2487 1019 2532; x_wconf 86' lang='lat' dir='ltr'><strong>ex</strong></span> <span class='ocrx_word' id='word_1_190' title='bbox 1047 2465 1182 2555; x_wconf 91' lang='lat' dir='ltr'><strong>antiquis</strong></span> <span class='ocrx_word' id='word_1_191' title='bbox 1211 2465 1369 2534; x_wconf 87' lang='lat' dir='ltr'><strong>chronicis</strong></span> <span class='ocrx_word' id='word_1_192' title='bbox 1391 2467 1481 2553; x_wconf 87' lang='lat' dir='ltr'><strong>regni</strong></span> <span class='ocrx_word' id='word_1_193' title='bbox 1505 2490 1582 2534; x_wconf 91' lang='lat' dir='ltr'><strong>con-</strong></span> 
     </span>
     <span class='ocr_line' id='line_1_22' title="bbox 208 2568 1581 2660; baseline 0.003 -22"><span class='ocrx_word' id='word_1_194' title='bbox 208 2583 304 2655; x_wconf 86' lang='lat' dir='ltr'><strong>stare,</strong></span> <span class='ocrx_word' id='word_1_195' title='bbox 320 2573 439 2659; x_wconf 91' lang='lat' dir='ltr'><strong>inipso</strong></span> <span class='ocrx_word' id='word_1_196' title='bbox 455 2593 558 2659; x_wconf 87' lang='lat' dir='ltr'><strong>regno</strong></span> <span class='ocrx_word' id='word_1_197' title='bbox 574 2593 669 2660; x_wconf 90' lang='lat' dir='ltr'><strong>quam</strong></span> <span class='ocrx_word' id='word_1_198' title='bbox 686 2570 773 2658; x_wconf 90' lang='lat' dir='ltr'><strong>plura</strong></span> <span class='ocrx_word' id='word_1_199' title='bbox 787 2570 973 2658; x_wconf 88' lang='lat' dir='ltr'><strong>gravissima</strong></span> <span class='ocrx_word' id='word_1_200' title='bbox 992 2568 1070 2638; x_wconf 90' lang='lat' dir='ltr'><strong>bella</strong></span> <span class='ocrx_word' id='word_1_201' title='bbox 1093 2593 1186 2659; x_wconf 90' lang='lat' dir='ltr'><strong>saepe</strong></span> <span class='ocrx_word' id='word_1_202' title='bbox 1207 2583 1316 2640; x_wconf 88' lang='lat' dir='ltr'><strong>exorta</strong></span> <span class='ocrx_word' id='word_1_203' title='bbox 1332 2583 1364 2640; x_wconf 92' lang='lat' dir='ltr'><strong>et</strong></span> <span class='ocrx_word' id='word_1_204' title='bbox 1380 2571 1581 2642; x_wconf 87' lang='lat' dir='ltr'><strong>christianam</strong></span> 
     </span>
     <span class='ocr_line' id='line_1_23' title="bbox 208 2675 1582 2766; baseline 0.003 -22"><span class='ocrx_word' id='word_1_205' title='bbox 208 2700 324 2766; x_wconf 89' lang='lat' dir='ltr'><strong>pacem</strong></span> <span class='ocrx_word' id='word_1_206' title='bbox 340 2689 372 2746; x_wconf 89' lang='lat' dir='ltr'><strong>et</strong></span> <span class='ocrx_word' id='word_1_207' title='bbox 387 2676 592 2745; x_wconf 89' lang='lat' dir='ltr'><strong>concordiam</strong></span> <span class='ocrx_word' id='word_1_208' title='bbox 609 2676 758 2744; x_wconf 89' lang='lat' dir='ltr'><strong>violatam</strong></span> <span class='ocrx_word' id='word_1_209' title='bbox 771 2675 866 2743; x_wconf 84' lang='lat' dir='ltr'><strong>fuisse</strong></span> <span class='ocrx_word' id='word_1_210' title='bbox 881 2687 1012 2764; x_wconf 87' lang='lat' dir='ltr'><strong>propter</strong></span> <span class='ocrx_word' id='word_1_211' title='bbox 1027 2677 1144 2766; x_wconf 90' lang='lat' dir='ltr'><strong>impios</strong></span> <span class='ocrx_word' id='word_1_212' title='bbox 1160 2677 1308 2744; x_wconf 89' lang='lat' dir='ltr'><strong>homines</strong></span> <span class='ocrx_word' id='word_1_213' title='bbox 1324 2701 1380 2744; x_wconf 92' lang='lat' dir='ltr'><strong>sua</strong></span> <span class='ocrx_word' id='word_1_214' title='bbox 1397 2675 1582 2748; x_wconf 88' lang='lat' dir='ltr'><strong>detestanda</strong></span> 
     </span>
     <span class='ocr_line' id='line_1_24' title="bbox 208 2781 1581 2873; baseline 0.001 -23"><span class='ocrx_word' id='word_1_215' title='bbox 208 2783 366 2872; x_wconf 91' lang='lat' dir='ltr'><strong>regnandi</strong></span> <span class='ocrx_word' id='word_1_216' title='bbox 390 2795 422 2851; x_wconf 88' lang='lat' dir='ltr'><strong>et</strong></span> <span class='ocrx_word' id='word_1_217' title='bbox 445 2782 631 2851; x_wconf 91' lang='lat' dir='ltr'><strong>dominandi</strong></span> <span class='ocrx_word' id='word_1_218' title='bbox 655 2782 783 2850; x_wconf 87' lang='lat' dir='ltr'><strong>libidine</strong></span> <span class='ocrx_word' id='word_1_219' title='bbox 808 2783 969 2864; x_wconf 88' lang='lat' dir='ltr'><strong>excitatos,</strong></span> <span class='ocrx_word' id='word_1_220' title='bbox 994 2781 1227 2871; x_wconf 87' lang='lat' dir='ltr'><strong>confingentes,</strong></span> <span class='ocrx_word' id='word_1_221' title='bbox 1251 2807 1290 2851; x_wconf 81' lang='lat' dir='ltr'><strong>ex</strong></span> <span class='ocrx_word' id='word_1_222' title='bbox 1312 2785 1401 2851; x_wconf 89' lang='lat' dir='ltr'><strong>iustis</strong></span> <span class='ocrx_word' id='word_1_223' title='bbox 1425 2796 1456 2852; x_wconf 92' lang='lat' dir='ltr'><strong>et</strong></span> <span class='ocrx_word' id='word_1_224' title='bbox 1479 2785 1581 2873; x_wconf 91' lang='lat' dir='ltr'><strong>legiti-</strong></span> 
     </span>
     <span class='ocr_line' id='line_1_25' title="bbox 209 2888 1581 2978; baseline 0.002 -22"><span class='ocrx_word' id='word_1_225' title='bbox 209 2891 274 2958; x_wconf 87' lang='lat' dir='ltr'><strong>mis</strong></span> <span class='ocrx_word' id='word_1_226' title='bbox 301 2888 500 2978; x_wconf 90' lang='lat' dir='ltr'><strong>quorundam</strong></span> <span class='ocrx_word' id='word_1_227' title='bbox 530 2891 774 2978; x_wconf 90' lang='lat' dir='ltr'><strong>progenitorum</strong></span> <span class='ocrx_word' id='word_1_228' title='bbox 808 2900 839 2956; x_wconf 91' lang='lat' dir='ltr'><strong>et</strong></span> <span class='ocrx_word' id='word_1_229' title='bbox 871 2901 1109 2956; x_wconf 89' lang='lat' dir='ltr'><strong>antecessorum</strong></span> <span class='ocrx_word' id='word_1_230' title='bbox 1141 2901 1271 2957; x_wconf 89' lang='lat' dir='ltr'><strong>tuorum</strong></span> <span class='ocrx_word' id='word_1_231' title='bbox 1300 2891 1434 2978; x_wconf 90' lang='lat' dir='ltr'><strong>Angliae</strong></span> <span class='ocrx_word' id='word_1_232' title='bbox 1468 2913 1581 2978; x_wconf 90' lang='lat' dir='ltr'><strong>regum</strong></span> 
     </span>
     <span class='ocr_line' id='line_1_26' title="bbox 210 2993 1662 3085; baseline 0.001 -22"><span class='ocrx_word' id='word_1_233' title='bbox 210 2996 331 3083; x_wconf 90' lang='lat' dir='ltr'><strong>nuptiis</strong></span> <span class='ocrx_word' id='word_1_234' title='bbox 364 3006 548 3084; x_wconf 88' lang='lat' dir='ltr'><strong>procreatos</strong></span> <span class='ocrx_word' id='word_1_235' title='bbox 581 2995 764 3082; x_wconf 89' lang='lat' dir='ltr'><strong>illegitimos</strong></span> <span class='ocrx_word' id='word_1_236' title='bbox 798 2994 868 3062; x_wconf 87' lang='lat' dir='ltr'><strong>fore</strong></span> <span class='ocrx_word' id='word_1_237' title='bbox 901 3007 1030 3083; x_wconf 89' lang='lat' dir='ltr'><strong>propter</strong></span> <span class='ocrx_word' id='word_1_238' title='bbox 1061 2993 1189 3084; x_wconf 91' lang='lat' dir='ltr'><strong>aliquod</strong></span> <span class='ocrx_word' id='word_1_239' title='bbox 1218 2998 1500 3085; x_wconf 87' lang='lat' dir='ltr'><strong>consanguinitatis</strong></span> <span class='ocrx_word' id='word_1_240' title='bbox 1531 2997 1583 3066; x_wconf 87' lang='lat' dir='ltr'><strong>vel</strong></span> <span class='ocrx_word' id='word_1_241' title='bbox 1659 3079 1662 3084; x_wconf 20' lang='grc' dir='ltr'><strong><em>Ι</em></strong></span> 
     </span>
     <span class='ocr_line' id='line_1_27' title="bbox 209 3099 1582 3192; baseline 0.003 -25"><span class='ocrx_word' id='word_1_242' title='bbox 209 3099 372 3169; x_wconf 88' lang='lat' dir='ltr'><strong>affinitatis</strong></span> <span class='ocrx_word' id='word_1_243' title='bbox 403 3099 578 3168; x_wconf 87' lang='lat' dir='ltr'><strong>confictum</strong></span> <span class='ocrx_word' id='word_1_244' title='bbox 602 3100 880 3187; x_wconf 89' lang='lat' dir='ltr'><strong>impedimentum,</strong></span> <span class='ocrx_word' id='word_1_245' title='bbox 912 3111 943 3168; x_wconf 86' lang='lat' dir='ltr'><strong>et</strong></span> <span class='ocrx_word' id='word_1_246' title='bbox 966 3112 1133 3188; x_wconf 87' lang='lat' dir='ltr'><strong>propterea</strong></span> <span class='ocrx_word' id='word_1_247' title='bbox 1157 3100 1308 3168; x_wconf 90' lang='lat' dir='ltr'><strong>inhabiles</strong></span> <span class='ocrx_word' id='word_1_248' title='bbox 1332 3125 1401 3170; x_wconf 92' lang='lat' dir='ltr'><strong>esse</strong></span> <span class='ocrx_word' id='word_1_249' title='bbox 1424 3102 1463 3170; x_wconf 92' lang='lat' dir='ltr'><strong>ad</strong></span> <span class='ocrx_word' id='word_1_250' title='bbox 1491 3104 1582 3192; x_wconf 92' lang='lat' dir='ltr'><strong>regni</strong></span> 
     </span>
     <span class='ocr_line' id='line_1_28' title="bbox 209 3205 1581 3297; baseline 0.002 -23"><span class='ocrx_word' id='word_1_251' title='bbox 209 3208 461 3289; x_wconf 89' lang='lat' dir='ltr'><strong>successionem,</strong></span> <span class='ocrx_word' id='word_1_252' title='bbox 484 3206 621 3296; x_wconf 90' lang='lat' dir='ltr'><strong>indeque</strong></span> <span class='ocrx_word' id='word_1_253' title='bbox 644 3205 855 3274; x_wconf 87' lang='lat' dir='ltr'><strong>miserandam</strong></span> <span class='ocrx_word' id='word_1_254' title='bbox 879 3207 1057 3295; x_wconf 92' lang='lat' dir='ltr'><strong>principum</strong></span> <span class='ocrx_word' id='word_1_255' title='bbox 1080 3229 1116 3274; x_wconf 92' lang='lat' dir='ltr'><strong>ac</strong></span> <span class='ocrx_word' id='word_1_256' title='bbox 1140 3229 1309 3294; x_wconf 90' lang='lat' dir='ltr'><strong>procerum</strong></span> <span class='ocrx_word' id='word_1_257' title='bbox 1334 3220 1365 3276; x_wconf 89' lang='lat' dir='ltr'><strong>et</strong></span> <span class='ocrx_word' id='word_1_258' title='bbox 1388 3208 1581 3297; x_wconf 91' lang='lat' dir='ltr'><strong>populorum</strong></span> 
     </span>
     <span class='ocr_line' id='line_1_29' title="bbox 209 3311 1583 3402; baseline 0.002 -22"><span class='ocrx_word' id='word_1_259' title='bbox 209 3311 411 3381; x_wconf 87' lang='lat' dir='ltr'><strong>subditorum</strong></span> <span class='ocrx_word' id='word_1_260' title='bbox 435 3331 574 3400; x_wconf 89' lang='lat' dir='ltr'><strong>stragem</strong></span> <span class='ocrx_word' id='word_1_261' title='bbox 602 3331 743 3381; x_wconf 89' lang='lat' dir='ltr'><strong>secutam</strong></span> <span class='ocrx_word' id='word_1_262' title='bbox 767 3311 876 3380; x_wconf 83' lang='lat' dir='ltr'><strong>fuisse:</strong></span> <span class='ocrx_word' id='word_1_263' title='bbox 906 3312 999 3379; x_wconf 91' lang='lat' dir='ltr'><strong>nobis</strong></span> <span class='ocrx_word' id='word_1_264' title='bbox 1027 3311 1085 3380; x_wconf 85' lang='lat' dir='ltr'><strong>fuit</strong></span> <span class='ocrx_word' id='word_1_265' title='bbox 1108 3312 1268 3382; x_wconf 88' lang='lat' dir='ltr'><strong>humiliter</strong></span> <span class='ocrx_word' id='word_1_266' title='bbox 1296 3314 1519 3402; x_wconf 90' lang='lat' dir='ltr'><strong>supplicatum,</strong></span> <span class='ocrx_word' id='word_1_267' title='bbox 1547 3327 1583 3383; x_wconf 92' lang='lat' dir='ltr'><strong>ut</strong></span> 
     </span>
     <span class='ocr_line' id='line_1_30' title="bbox 208 3418 1581 3508; baseline 0.001 -21"><span class='ocrx_word' id='word_1_268' title='bbox 208 3421 303 3508; x_wconf 90' lang='lat' dir='ltr'><strong>regni</strong></span> <span class='ocrx_word' id='word_1_269' title='bbox 325 3420 372 3487; x_wconf 88' lang='lat' dir='ltr'><strong>tui</strong></span> <span class='ocrx_word' id='word_1_270' title='bbox 393 3433 586 3508; x_wconf 89' lang='lat' dir='ltr'><strong>tuorumque</strong></span> <span class='ocrx_word' id='word_1_271' title='bbox 609 3418 806 3486; x_wconf 90' lang='lat' dir='ltr'><strong>subditorum</strong></span> <span class='ocrx_word' id='word_1_272' title='bbox 830 3419 1043 3508; x_wconf 89' lang='lat' dir='ltr'><strong>tranquillitati</strong></span> <span class='ocrx_word' id='word_1_273' title='bbox 1074 3430 1105 3486; x_wconf 89' lang='lat' dir='ltr'><strong>et</strong></span> <span class='ocrx_word' id='word_1_274' title='bbox 1133 3421 1201 3508; x_wconf 93' lang='lat' dir='ltr'><strong>paci</strong></span> <span class='ocrx_word' id='word_1_275' title='bbox 1228 3420 1386 3507; x_wconf 89' lang='lat' dir='ltr'><strong>imprimis</strong></span> <span class='ocrx_word' id='word_1_276' title='bbox 1415 3421 1581 3489; x_wconf 89' lang='lat' dir='ltr'><strong>consulere</strong></span> 
     </span>
     <span class='ocr_line' id='line_1_31' title="bbox 209 3524 1581 3614; baseline 0.001 -20"><span class='ocrx_word' id='word_1_277' title='bbox 209 3537 242 3594; x_wconf 88' lang='lat' dir='ltr'><strong>et</strong></span> <span class='ocrx_word' id='word_1_278' title='bbox 266 3527 361 3594; x_wconf 90' lang='lat' dir='ltr'><strong>tantis</strong></span> <span class='ocrx_word' id='word_1_279' title='bbox 384 3526 474 3593; x_wconf 90' lang='lat' dir='ltr'><strong>malis</strong></span> <span class='ocrx_word' id='word_1_280' title='bbox 497 3525 625 3593; x_wconf 88' lang='lat' dir='ltr'><strong>obviare</strong></span> <span class='ocrx_word' id='word_1_281' title='bbox 653 3549 689 3592; x_wconf 90' lang='lat' dir='ltr'><strong>ac</strong></span> <span class='ocrx_word' id='word_1_282' title='bbox 717 3524 774 3592; x_wconf 92' lang='lat' dir='ltr'><strong>alia</strong></span> <span class='ocrx_word' id='word_1_283' title='bbox 801 3526 834 3592; x_wconf 92' lang='lat' dir='ltr'><strong>in</strong></span> <span class='ocrx_word' id='word_1_284' title='bbox 863 3526 1044 3613; x_wconf 90' lang='lat' dir='ltr'><strong>praemissis</strong></span> <span class='ocrx_word' id='word_1_285' title='bbox 1067 3537 1247 3614; x_wconf 90' lang='lat' dir='ltr'><strong>opportuna</strong></span> <span class='ocrx_word' id='word_1_286' title='bbox 1270 3526 1409 3594; x_wconf 89' lang='lat' dir='ltr'><strong>remedia</strong></span> <span class='ocrx_word' id='word_1_287' title='bbox 1432 3525 1581 3596; x_wconf 91' lang='lat' dir='ltr'><strong>adhibere</strong></span> 
     </span>
     <span class='ocr_line' id='line_1_32' title="bbox 208 3629 1581 3722; baseline 0.002 -24"><span class='ocrx_word' id='word_1_288' title='bbox 208 3631 250 3698; x_wconf 92' lang='lat' dir='ltr'><strong>de</strong></span> <span class='ocrx_word' id='word_1_289' title='bbox 281 3629 477 3719; x_wconf 89' lang='lat' dir='ltr'><strong>benignitate</strong></span> <span class='ocrx_word' id='word_1_290' title='bbox 508 3631 681 3719; x_wconf 87' lang='lat' dir='ltr'><strong>apostolica</strong></span> <span class='ocrx_word' id='word_1_291' title='bbox 711 3629 923 3718; x_wconf 90' lang='lat' dir='ltr'><strong>dignaremur.</strong></span> <span class='ocrx_word' id='word_1_292' title='bbox 975 3631 1046 3698; x_wconf 92' lang='lat' dir='ltr'><strong>Nos</strong></span> <span class='ocrx_word' id='word_1_293' title='bbox 1077 3633 1130 3720; x_wconf 92' lang='lat' dir='ltr'><strong>qui</strong></span> <span class='ocrx_word' id='word_1_294' title='bbox 1160 3633 1306 3699; x_wconf 91' lang='lat' dir='ltr'><strong>omnium</strong></span> <span class='ocrx_word' id='word_1_295' title='bbox 1338 3656 1461 3720; x_wconf 90' lang='lat' dir='ltr'><strong>regum,</strong></span> <span class='ocrx_word' id='word_1_296' title='bbox 1491 3657 1581 3722; x_wconf 90' lang='lat' dir='ltr'><strong>prae·</strong></span> 
     </span>
     <span class='ocr_line' id='line_1_33' title="bbox 206 3735 1580 3826; baseline 0.001 -22"><span class='ocrx_word' id='word_1_297' title='bbox 206 3738 321 3807; x_wconf 89' lang='lat' dir='ltr'><strong>sertim</strong></span> <span class='ocrx_word' id='word_1_298' title='bbox 334 3735 506 3806; x_wconf 88' lang='lat' dir='ltr'><strong>Maiestatis</strong></span> <span class='ocrx_word' id='word_1_299' title='bbox 516 3736 607 3804; x_wconf 88' lang='lat' dir='ltr'><strong>Tuae</strong></span> <span class='ocrx_word' id='word_1_300' title='bbox 618 3735 660 3803; x_wconf 92' lang='lat' dir='ltr'><strong>ob</strong></span> <span class='ocrx_word' id='word_1_301' title='bbox 673 3737 739 3803; x_wconf 92' lang='lat' dir='ltr'><strong>eius</strong></span> <span class='ocrx_word' id='word_1_302' title='bbox 755 3759 849 3826; x_wconf 88' lang='lat' dir='ltr'><strong>quam</strong></span> <span class='ocrx_word' id='word_1_303' title='bbox 862 3735 996 3825; x_wconf 91' lang='lat' dir='ltr'><strong>plurima</strong></span> <span class='ocrx_word' id='word_1_304' title='bbox 1008 3738 1165 3804; x_wconf 88' lang='lat' dir='ltr'><strong>immensa</strong></span> <span class='ocrx_word' id='word_1_305' title='bbox 1177 3739 1210 3804; x_wconf 92' lang='lat' dir='ltr'><strong>in</strong></span> <span class='ocrx_word' id='word_1_306' title='bbox 1222 3761 1282 3805; x_wconf 93' lang='lat' dir='ltr'><strong>nos</strong></span> <span class='ocrx_word' id='word_1_307' title='bbox 1300 3749 1331 3806; x_wconf 90' lang='lat' dir='ltr'><strong>et</strong></span> <span class='ocrx_word' id='word_1_308' title='bbox 1347 3739 1427 3806; x_wconf 91' lang='lat' dir='ltr'><strong>hanc</strong></span> <span class='ocrx_word' id='word_1_309' title='bbox 1439 3751 1580 3807; x_wconf 90' lang='lat' dir='ltr'><strong>sanctam</strong></span> 
     </span>
     <span class='ocr_line' id='line_1_34' title="bbox 206 3841 1581 3932; baseline 0 -20"><span class='ocrx_word' id='word_1_310' title='bbox 206 3843 337 3925; x_wconf 88' lang='lat' dir='ltr'><strong>sedem,</strong></span> <span class='ocrx_word' id='word_1_311' title='bbox 366 3844 399 3910; x_wconf 95' lang='lat' dir='ltr'><strong>in</strong></span> <span class='ocrx_word' id='word_1_312' title='bbox 427 3867 488 3932; x_wconf 93' lang='lat' dir='ltr'><strong>qua</strong></span> <span class='ocrx_word' id='word_1_313' title='bbox 514 3844 726 3932; x_wconf 91' lang='lat' dir='ltr'><strong>permissione</strong></span> <span class='ocrx_word' id='word_1_314' title='bbox 756 3842 861 3910; x_wconf 91' lang='lat' dir='ltr'><strong>divina</strong></span> <span class='ocrx_word' id='word_1_315' title='bbox 888 3841 1052 3925; x_wconf 91' lang='lat' dir='ltr'><strong>sedemus,</strong></span> <span class='ocrx_word' id='word_1_316' title='bbox 1081 3842 1194 3912; x_wconf 85' lang='lat' dir='ltr'><strong>collata</strong></span> <span class='ocrx_word' id='word_1_317' title='bbox 1222 3842 1389 3928; x_wconf 90' lang='lat' dir='ltr'><strong>beneficia,</strong></span> <span class='ocrx_word' id='word_1_318' title='bbox 1418 3844 1495 3914; x_wconf 89' lang='lat' dir='ltr'><strong>dum</strong></span> <span class='ocrx_word' id='word_1_319' title='bbox 1523 3847 1581 3912; x_wconf 92' lang='lat' dir='ltr'><strong>ini-</strong></span> 
     </span>
     <span class='ocr_line' id='line_1_35' title="bbox 206 3948 1581 4040; baseline 0 -22"><span class='ocrx_word' id='word_1_320' title='bbox 206 3951 370 4040; x_wconf 90' lang='lat' dir='ltr'><strong>quissimis</strong></span> <span class='ocrx_word' id='word_1_321' title='bbox 393 3948 724 4037; x_wconf 90' lang='lat' dir='ltr'><strong>pestilentissimorum</strong></span> <span class='ocrx_word' id='word_1_322' title='bbox 748 3949 918 4017; x_wconf 92' lang='lat' dir='ltr'><strong>hominum</strong></span> <span class='ocrx_word' id='word_1_323' title='bbox 942 3948 1121 4031; x_wconf 90' lang='lat' dir='ltr'><strong>conatibus,</strong></span> <span class='ocrx_word' id='word_1_324' title='bbox 1152 3951 1206 4038; x_wconf 94' lang='lat' dir='ltr'><strong>qui</strong></span> <span class='ocrx_word' id='word_1_325' title='bbox 1230 3971 1300 4017; x_wconf 91' lang='lat' dir='ltr'><strong>eam</strong></span> <span class='ocrx_word' id='word_1_326' title='bbox 1322 3951 1437 4038; x_wconf 88' lang='lat' dir='ltr'><strong>partim</strong></span> <span class='ocrx_word' id='word_1_327' title='bbox 1464 3950 1581 4020; x_wconf 86' lang='lat' dir='ltr'><strong>viribus</strong></span> 
     </span>
     <span class='ocr_line' id='line_1_36' title="bbox 207 4053 1579 4144; baseline 0 -19"><span class='ocrx_word' id='word_1_328' title='bbox 207 4069 241 4125; x_wconf 89' lang='lat' dir='ltr'><strong>et</strong></span> <span class='ocrx_word' id='word_1_329' title='bbox 264 4056 415 4124; x_wconf 86' lang='lat' dir='ltr'><strong>scelerata</strong></span> <span class='ocrx_word' id='word_1_330' title='bbox 437 4053 574 4139; x_wconf 89' lang='lat' dir='ltr'><strong>audacia,</strong></span> <span class='ocrx_word' id='word_1_331' title='bbox 598 4056 711 4143; x_wconf 90' lang='lat' dir='ltr'><strong>partim</strong></span> <span class='ocrx_word' id='word_1_332' title='bbox 734 4076 882 4144; x_wconf 89' lang='lat' dir='ltr'><strong>perversa</strong></span> <span class='ocrx_word' id='word_1_333' title='bbox 897 4054 1041 4123; x_wconf 91' lang='lat' dir='ltr'><strong>doctrina</strong></span> <span class='ocrx_word' id='word_1_334' title='bbox 1063 4054 1234 4123; x_wconf 84' lang='lat' dir='ltr'><strong>labefacere</strong></span> <span class='ocrx_word' id='word_1_335' title='bbox 1257 4055 1478 4139; x_wconf 88' lang='lat' dir='ltr'><strong>moliebantur,</strong></span> <span class='ocrx_word' id='word_1_336' title='bbox 1501 4069 1579 4126; x_wconf 92' lang='lat' dir='ltr'><strong>stre-</strong></span> 
     </span>
     <span class='ocr_line' id='line_1_37' title="bbox 207 4161 1578 4250; baseline 0 -19"><span class='ocrx_word' id='word_1_337' title='bbox 207 4163 363 4232; x_wconf 91' lang='lat' dir='ltr'><strong>nuissime</strong></span> <span class='ocrx_word' id='word_1_338' title='bbox 388 4185 461 4229; x_wconf 91' lang='lat' dir='ltr'><strong>curn</strong></span> <span class='ocrx_word' id='word_1_339' title='bbox 484 4161 600 4230; x_wconf 89' lang='lat' dir='ltr'><strong>viribus</strong></span> <span class='ocrx_word' id='word_1_340' title='bbox 625 4173 657 4230; x_wconf 90' lang='lat' dir='ltr'><strong>et</strong></span> <span class='ocrx_word' id='word_1_341' title='bbox 678 4161 800 4250; x_wconf 89' lang='lat' dir='ltr'><strong>gladi0,</strong></span> <span class='ocrx_word' id='word_1_342' title='bbox 828 4173 896 4229; x_wconf 93' lang='lat' dir='ltr'><strong>tum</strong></span> <span class='ocrx_word' id='word_1_343' title='bbox 921 4161 1042 4230; x_wconf 91' lang='lat' dir='ltr'><strong>calamo</strong></span> <span class='ocrx_word' id='word_1_344' title='bbox 1074 4163 1169 4230; x_wconf 87' lang='lat' dir='ltr'><strong>etiarn</strong></span> <span class='ocrx_word' id='word_1_345' title='bbox 1197 4179 1228 4229; x_wconf 91' lang='lat' dir='ltr'><strong>et</strong></span> <span class='ocrx_word' id='word_1_346' title='bbox 1261 4161 1438 4230; x_wconf 89' lang='lat' dir='ltr'><strong>eruditione</strong></span> <span class='ocrx_word' id='word_1_347' title='bbox 1466 4182 1518 4230; x_wconf 93' lang='lat' dir='ltr'><strong>tua</strong></span> <span class='ocrx_word' id='word_1_348' title='bbox 1546 4166 1578 4231; x_wconf 92' lang='lat' dir='ltr'><strong>in</strong></span> 
     </span>
     <span class='ocr_line' id='line_1_38' title="bbox 207 4266 1580 4357; baseline -0.002 -18"><span class='ocrx_word' id='word_1_349' title='bbox 207 4269 278 4339; x_wconf 88' lang='lat' dir='ltr'><strong>dies</strong></span> <span class='ocrx_word' id='word_1_350' title='bbox 299 4267 460 4338; x_wconf 86' lang='lat' dir='ltr'><strong>vindicare</strong></span> <span class='ocrx_word' id='word_1_351' title='bbox 483 4291 550 4336; x_wconf 94' lang='lat' dir='ltr'><strong>non</strong></span> <span class='ocrx_word' id='word_1_352' title='bbox 575 4292 687 4350; x_wconf 88' lang='lat' dir='ltr'><strong>cessas,</strong></span> <span class='ocrx_word' id='word_1_353' title='bbox 711 4270 897 4356; x_wconf 90' lang='lat' dir='ltr'><strong>petitiones,</strong></span> <span class='ocrx_word' id='word_1_354' title='bbox 927 4269 1111 4357; x_wconf 89' lang='lat' dir='ltr'><strong>praesertim</strong></span> <span class='ocrx_word' id='word_1_355' title='bbox 1135 4266 1267 4336; x_wconf 87' lang='lat' dir='ltr'><strong>salutern</strong></span> <span class='ocrx_word' id='word_1_356' title='bbox 1298 4269 1474 4336; x_wconf 90' lang='lat' dir='ltr'><strong>animarum</strong></span> <span class='ocrx_word' id='word_1_357' title='bbox 1503 4292 1580 4336; x_wconf 92' lang='lat' dir='ltr'><strong>con-</strong></span> 
     </span>
     <span class='ocr_line' id='line_1_39' title="bbox 207 4372 1580 4466; baseline -0.003 -20"><span class='ocrx_word' id='word_1_358' title='bbox 207 4388 394 4456; x_wconf 86' lang='lat' dir='ltr'><strong>cernentes,</strong></span> <span class='ocrx_word' id='word_1_359' title='bbox 422 4394 576 4466; x_wconf 90' lang='lat' dir='ltr'><strong>quantum</strong></span> <span class='ocrx_word' id='word_1_360' title='bbox 605 4399 677 4443; x_wconf 92' lang='lat' dir='ltr'><strong>cum</strong></span> <span class='ocrx_word' id='word_1_361' title='bbox 701 4374 774 4441; x_wconf 91' lang='lat' dir='ltr'><strong>Deo</strong></span> <span class='ocrx_word' id='word_1_362' title='bbox 803 4397 972 4462; x_wconf 91' lang='lat' dir='ltr'><strong>possumus</strong></span> <span class='ocrx_word' id='word_1_363' title='bbox 995 4372 1036 4442; x_wconf 90' lang='lat' dir='ltr'><strong>ad</strong></span> <span class='ocrx_word' id='word_1_364' title='bbox 1058 4373 1269 4442; x_wconf 86' lang='lat' dir='ltr'><strong>exauditionis</strong></span> <span class='ocrx_word' id='word_1_365' title='bbox 1291 4375 1424 4460; x_wconf 87' lang='lat' dir='ltr'><strong>gratiam</strong></span> <span class='ocrx_word' id='word_1_366' title='bbox 1446 4374 1580 4444; x_wconf 88' lang='lat' dir='ltr'><strong>libenter</strong></span> 
     </span>
     <span class='ocr_line' id='line_1_40' title="bbox 205 4476 1579 4571; baseline -0.001 -20"><span class='ocrx_word' id='word_1_367' title='bbox 205 4481 407 4551; x_wconf 90' lang='lat' dir='ltr'><strong>admittimus</strong></span> <span class='ocrx_word' id='word_1_368' title='bbox 431 4503 607 4571; x_wconf 90' lang='lat' dir='ltr'><strong>eorumque</strong></span> <span class='ocrx_word' id='word_1_369' title='bbox 631 4481 773 4548; x_wconf 88' lang='lat' dir='ltr'><strong>honestis</strong></span> <span class='ocrx_word' id='word_1_370' title='bbox 796 4482 879 4548; x_wconf 89' lang='lat' dir='ltr'><strong>votis</strong></span> <span class='ocrx_word' id='word_1_371' title='bbox 901 4479 1113 4548; x_wconf 81' lang='lat' dir='ltr'><strong>favorabiliter</strong></span> <span class='ocrx_word' id='word_1_372' title='bbox 1135 4476 1317 4547; x_wconf 88' lang='lat' dir='ltr'><strong>adnuimus:</strong></span> <span class='ocrx_word' id='word_1_373' title='bbox 1343 4503 1381 4546; x_wconf 86' lang='lat' dir='ltr'><strong>ex</strong></span> <span class='ocrx_word' id='word_1_374' title='bbox 1398 4483 1579 4568; x_wconf 90' lang='lat' dir='ltr'><strong>praemissis</strong></span> 
     </span>
     <span class='ocr_line' id='line_1_41' title="bbox 207 4584 1581 4674; baseline -0.001 -17"><span class='ocrx_word' id='word_1_375' title='bbox 207 4601 241 4658; x_wconf 88' lang='lat' dir='ltr'><strong>et</strong></span> <span class='ocrx_word' id='word_1_376' title='bbox 272 4587 435 4655; x_wconf 90' lang='lat' dir='ltr'><strong>nonnullis</strong></span> <span class='ocrx_word' id='word_1_377' title='bbox 465 4587 531 4654; x_wconf 89' lang='lat' dir='ltr'><strong>aliis</strong></span> <span class='ocrx_word' id='word_1_378' title='bbox 560 4586 653 4654; x_wconf 92' lang='lat' dir='ltr'><strong>nobis</strong></span> <span class='ocrx_word' id='word_1_379' title='bbox 683 4587 768 4654; x_wconf 92' lang='lat' dir='ltr'><strong>notis</strong></span> <span class='ocrx_word' id='word_1_380' title='bbox 796 4587 895 4653; x_wconf 88' lang='lat' dir='ltr'><strong>causis</strong></span> <span class='ocrx_word' id='word_1_381' title='bbox 928 4584 1110 4653; x_wconf 91' lang='lat' dir='ltr'><strong>huiusmodi</strong></span> <span class='ocrx_word' id='word_1_382' title='bbox 1136 4584 1414 4674; x_wconf 87' lang='lat' dir='ltr'><strong>supplicationibus</strong></span> <span class='ocrx_word' id='word_1_383' title='bbox 1441 4588 1581 4657; x_wconf 90' lang='lat' dir='ltr'><strong>inclinati</strong></span> 
     </span>
     <span class='ocr_line' id='line_1_42' title="bbox 205 4689 1580 4781; baseline -0.001 -17"><span class='ocrx_word' id='word_1_384' title='bbox 205 4715 329 4776; x_wconf 87' lang='lat' dir='ltr'><strong>tecum,</strong></span> <span class='ocrx_word' id='word_1_385' title='bbox 352 4705 387 4761; x_wconf 89' lang='lat' dir='ltr'><strong>ut</strong></span> <span class='ocrx_word' id='word_1_386' title='bbox 414 4693 440 4760; x_wconf 92' lang='lat' dir='ltr'><strong>si</strong></span> <span class='ocrx_word' id='word_1_387' title='bbox 465 4694 643 4780; x_wconf 89' lang='lat' dir='ltr'><strong>contingat,</strong></span> <span class='ocrx_word' id='word_1_388' title='bbox 674 4693 913 4760; x_wconf 90' lang='lat' dir='ltr'><strong>matrimonium</strong></span> <span class='ocrx_word' id='word_1_389' title='bbox 943 4715 1016 4760; x_wconf 90' lang='lat' dir='ltr'><strong>cum</strong></span> <span class='ocrx_word' id='word_1_390' title='bbox 1044 4689 1180 4781; x_wconf 86' lang='lat' dir='ltr'><strong>praelata</strong></span> <span class='ocrx_word' id='word_1_391' title='bbox 1204 4691 1374 4759; x_wconf 89' lang='lat' dir='ltr'><strong>Catherina</strong></span> <span class='ocrx_word' id='word_1_392' title='bbox 1402 4692 1474 4759; x_wconf 88' lang='lat' dir='ltr'><strong>alias</strong></span> <span class='ocrx_word' id='word_1_393' title='bbox 1504 4718 1580 4762; x_wconf 92' lang='lat' dir='ltr'><strong>con-</strong></span> 
     </span>
     <span class='ocr_line' id='line_1_43' title="bbox 205 4796 1580 4888; baseline -0.003 -16"><span class='ocrx_word' id='word_1_394' title='bbox 205 4813 345 4873; x_wconf 88' lang='lat' dir='ltr'><strong>tractum</strong></span> <span class='ocrx_word' id='word_1_395' title='bbox 373 4799 494 4866; x_wconf 89' lang='lat' dir='ltr'><strong>nullum</strong></span> <span class='ocrx_word' id='word_1_396' title='bbox 523 4796 618 4866; x_wconf 85' lang='lat' dir='ltr'><strong>fuisse</strong></span> <span class='ocrx_word' id='word_1_397' title='bbox 649 4809 681 4866; x_wconf 87' lang='lat' dir='ltr'><strong>et</strong></span> <span class='ocrx_word' id='word_1_398' title='bbox 709 4820 778 4864; x_wconf 90' lang='lat' dir='ltr'><strong>esse</strong></span> <span class='ocrx_word' id='word_1_399' title='bbox 807 4796 954 4866; x_wconf 91' lang='lat' dir='ltr'><strong>declarari</strong></span> <span class='ocrx_word' id='word_1_400' title='bbox 982 4811 1077 4888; x_wconf 90' lang='lat' dir='ltr'><strong>teque</strong></span> <span class='ocrx_word' id='word_1_401' title='bbox 1103 4797 1141 4865; x_wconf 89' lang='lat' dir='ltr'><strong>ab</strong></span> <span class='ocrx_word' id='word_1_402' title='bbox 1169 4796 1250 4865; x_wconf 90' lang='lat' dir='ltr'><strong>illius</strong></span> <span class='ocrx_word' id='word_1_403' title='bbox 1283 4797 1412 4865; x_wconf 91' lang='lat' dir='ltr'><strong>vinculo</strong></span> <span class='ocrx_word' id='word_1_404' title='bbox 1438 4798 1580 4888; x_wconf 87' lang='lat' dir='ltr'><strong>legitime</strong></span> 
     </span>
     <span class='ocr_line' id='line_1_44' title="bbox 205 4901 1580 4994; baseline -0.001 -16"><span class='ocrx_word' id='word_1_405' title='bbox 205 4907 345 4989; x_wconf 88' lang='lat' dir='ltr'><strong>absolvi,</strong></span> <span class='ocrx_word' id='word_1_406' title='bbox 376 4929 449 4972; x_wconf 90' lang='lat' dir='ltr'><strong>cum</strong></span> <span class='ocrx_word' id='word_1_407' title='bbox 477 4927 664 4994; x_wconf 90' lang='lat' dir='ltr'><strong>quacunque</strong></span> <span class='ocrx_word' id='word_1_408' title='bbox 695 4903 827 4971; x_wconf 87' lang='lat' dir='ltr'><strong>muliere</strong></span> <span class='ocrx_word' id='word_1_409' title='bbox 856 4905 985 4992; x_wconf 91' lang='lat' dir='ltr'><strong>ipsaque</strong></span> <span class='ocrx_word' id='word_1_410' title='bbox 1014 4903 1128 4972; x_wconf 90' lang='lat' dir='ltr'><strong>mulier</strong></span> <span class='ocrx_word' id='word_1_411' title='bbox 1154 4916 1277 4985; x_wconf 89' lang='lat' dir='ltr'><strong>tecum,</strong></span> <span class='ocrx_word' id='word_1_412' title='bbox 1306 4901 1486 4990; x_wconf 88' lang='lat' dir='ltr'><strong>dummodo</strong></span> <span class='ocrx_word' id='word_1_413' title='bbox 1509 4931 1526 4974; x_wconf 90' lang='lat' dir='ltr'><strong>a</strong></span> <span class='ocrx_word' id='word_1_414' title='bbox 1548 4920 1580 4976; x_wconf 91' lang='lat' dir='ltr'><strong>te</strong></span> 
     </span>
    </p>
   </div>
   <div class='ocr_carea' id='block_1_3' title="bbox 0 0 1930 5526">
    <p class='ocr_par' dir='ltr' id='par_1_3' title="bbox 0 0 1930 5526">
     <span class='ocr_line' id='line_1_45' title="bbox 0 0 1930 5526; baseline 0 0"><span class='ocrx_word' id='word_1_415' title='bbox 0 0 1930 5526; x_wconf 95' lang='lat' dir='ltr'><strong> </strong></span> 
     </span>
    </p>
   </div>
  </div>
 </body>
</html>
