3850 5534
330 281 371 346 16
1453 289 1603 349 Derember
1625 305 1699 363 1527.

328 472 458 542 propter
482 455 546 522 hoc
569 472 656 542 rapta
680 477 747 522 non
769 453 876 537 fuerit,
906 456 1028 523 etiamsi
1056 454 1169 523 mulier
1196 455 1263 542 ipsa
1289 453 1359 521 talis
1381 452 1483 536 fuerit,
1508 477 1588 544 quae
1612 451 1698 541 prius

329 583 403 628 cum
427 559 488 628 alio
518 562 760 628 matrimonium
788 563 994 644 contraxerit,
1026 560 1205 629 dummodo
1236 559 1310 627 illud
1344 560 1456 628 carnali
1488 560 1602 648 copula
1631 581 1699 626 non

329 665 422 734 fuerit
445 678 680 749 consumatum,
712 667 835 734 etiamsi
857 667 909 734 illa
936 666 991 735 tibi
1018 667 1092 734 alias
1120 666 1263 735 secundo
1290 679 1343 733 aut
1370 667 1537 754 remotiori
1566 686 1701 733 consan-

328 773 490 860 guinitatis
513 785 566 840 aut
589 774 693 860 primo
719 770 877 840 affinitatis
900 772 999 861 gradu
1022 775 1117 841 etiam
1141 795 1180 840 ex
1202 794 1393 863 quocunque
1415 771 1501 839 licito
1517 770 1568 840 vel
1590 770 1699 837 illicito
1775 831 1781 839 .

329 879 416 946 coitu
439 878 649 966 proveniente
665 879 802 946 invicem
819 879 998 960 coniuncta,
1022 877 1201 946 dummodo
1225 877 1332 945 relicta
1348 876 1422 944 dieti
1445 875 1546 944 fratris
1569 877 1615 944 tui
1631 898 1700 943 non

328 983 431 1065 fuerit,
454 995 489 1052 ut
511 982 694 1072 praefertur,
719 985 841 1052 etiamsi
865 985 1067 1072 cognationis
1090 983 1255 1073 spiritualis
1278 995 1331 1050 aut
1363 982 1470 1070 legalis
1499 993 1531 1050 et
1559 981 1701 1071 publicae

329 1090 504 1158 honestatis
526 1090 662 1158 iustitiae
684 1088 950 1178 impedimentum
966 1089 1114 1159 subsistat
1138 1102 1170 1158 et
1191 1089 1247 1158 tibi
1263 1092 1432 1156 coniuncta
1449 1090 1570 1170 existat,
1593 1089 1700 1155 matri·

328 1196 475 1264 monium
499 1194 582 1263 licite
605 1195 793 1264 contrahere
817 1209 848 1264 et
870 1208 1039 1287 postquam
1069 1207 1267 1264 contractum
1290 1193 1397 1278 fuerit,
1428 1195 1462 1261 in
1492 1218 1531 1262 eo
1555 1196 1599 1263 sic
1623 1217 1700 1262 con·

328 1315 440 1384 111110,
465 1303 587 1369 etiamsi
611 1300 685 1368 illud
712 1303 795 1370 inter
818 1320 849 1369 te
873 1314 904 1370 et
926 1303 1027 1391 ipsam
1051 1301 1217 1372 mulierem
1241 1305 1301 1370 iam
1333 1300 1372 1369 de
1396 1300 1478 1369 facto
1502 1300 1626 1390 publice
1648 1300 1700 1370 vel

328 1407 522 1476 clandestine
547 1419 793 1492 contractumet
812 1407 926 1476 carnali
944 1409 1056 1497 copula
1073 1420 1295 1478 consumatum
1311 1405 1413 1492 fuerit,
1435 1406 1519 1475 licite
1535 1429 1700 1475 remanete

328 1514 466 1596 valeatis,
490 1515 674 1582 auctoritate
690 1514 863 1602 apostolica
887 1527 974 1582 etex
996 1534 1079 1582 certa
1102 1527 1210 1584 nostra
1231 1516 1362 1582 scientia
1385 1537 1420 1581 ac
1443 1512 1483 1581 de
1507 1513 1700 1602 apostolicae

328 1621 492 1709 potestatis
518 1618 715 1707 plenitudine
743 1639 857 1689 tenore
887 1622 1101 1709 praesentium
1130 1620 1361 1709 dispensamus,
1384 1619 1509 1708 prolem
1537 1619 1613 1687 inde
1636 1618 1700 1686 for-

329 1749 385 1794 san
408 1737 587 1814 susceptam
613 1739 644 1794 et
667 1727 899 1816 suscipiendam
923 1725 1097 1814 legitimam
1122 1727 1190 1794 fore
1213 1726 1430 1794 decernentes.
1477 1727 1554 1794 Non
1571 1724 1699 1794 obstan·

328 1832 411 1900 tibus
434 1831 699 1920 prohibitionibus
722 1834 796 1900 iuris
820 1832 918 1900 divini
941 1856 977 1900 ac
1001 1832 1279 1901 constitutionibus
1303 1845 1335 1900 et
1358 1831 1609 1901 ordinationibus
1633 1832 1700 1899 aliis

329 1938 567 2029 quibuscunque
590 1941 622 2005 in
640 1940 833 2007 contrarium
851 1939 952 2021 editis,
977 1938 1088 2029 quibus
1112 1940 1145 2007 in
1168 1951 1321 2027 quantum
1337 1939 1505 2006 auctoritas
1526 1937 1700 2025 apostolica

330 2067 363 2112 se
389 2041 540 2126 extendit,
564 2043 622 2111 illis
645 2045 718 2112 alias
742 2046 775 2111 in
798 2068 857 2112 suo
881 2045 998 2113 robore
1022 2047 1227 2128 remansuris,
1255 2044 1360 2133 quoad
1383 2045 1446 2112 hoc
1470 2044 1645 2132 specialiter
1668 2055 1700 2111 et

331 2174 477 2240 expresse
502 2148 702 2238 derogamus,
726 2150 894 2220 districtius
911 2149 1114 2240 prohibentes
1132 2163 1163 2219 et
1178 2152 1211 2218 in
1227 2153 1341 2228 virtute
1356 2162 1482 2218 sanctae
1499 2149 1699 2218 obedientiae

331 2279 477 2346 expresse
500 2256 685 2326 mandantes
709 2257 766 2325 sub
789 2258 1048 2326 interminatione
1071 2257 1167 2326 divini
1189 2257 1295 2325 iudicii
1318 2280 1354 2325 ac
1376 2255 1433 2324 sub
1452 2279 1557 2346 poena
1572 2257 1700 2325 anathe-

330 2364 422 2430 matis
451 2362 580 2454 aliisque
604 2363 822 2432 ecclesiasticis
845 2363 1026 2447 sententiis,
1057 2365 1197 2432 censuris
1221 2381 1252 2430 et
1275 2363 1407 2451 poenis,
1438 2385 1515 2452 quas
1544 2385 1584 2430 ex
1613 2385 1700 2430 nunc

329 2480 426 2557 prout
448 2493 486 2536 ex
508 2481 585 2538 tunc
609 2481 640 2538 et
664 2493 682 2538 e
705 2491 863 2539 converso
886 2469 1017 2570 ferimps
1040 2481 1072 2538 et
1094 2470 1333 2559 promulgamus
1355 2470 1389 2536 in
1418 2468 1467 2536 his
1495 2469 1618 2556 scriptis
1641 2468 1698 2536 sub

330 2598 451 2664 poena,
486 2599 527 2642 ne
558 2577 723 2665 quisquam
755 2577 786 2643 in
820 2587 984 2664 posterum
1020 2575 1118 2644 ullum
1150 2574 1415 2664 impedimentum
1442 2585 1699 2664 praecontractus

330 2682 523 2749 matrimonii
557 2704 624 2749 non
658 2683 836 2750 consumati
865 2680 916 2749 vel
951 2682 1232 2768 consanguinitatis
1266 2682 1299 2748 in
1332 2678 1474 2748 secundo
1509 2693 1561 2749 aut
1593 2681 1699 2748 ultiori

329 2787 442 2875 gradu,
470 2785 629 2855 affinitatis
657 2790 777 2876 primo,
806 2800 840 2856 ut
867 2787 1054 2877 praefertur,
1083 2787 1286 2876 cognationis
1313 2784 1480 2874 spiritualis
1508 2799 1561 2854 aut
1590 2784 1699 2874 legalis

329 2917 385 2960 seu
408 2893 544 2961 iustitiae
559 2891 700 2981 publicae
724 2893 898 2962 honestatis
914 2893 1181 2982 impedimentum
1204 2891 1398 2980 praedictum
1417 2890 1566 2982 adversus
1582 2891 1700 2960 liberos

329 3011 412 3082 tuos,
436 3021 517 3088 quos
534 3023 573 3066 ex
596 3022 787 3089 quocunque
803 3000 1009 3068 matrimonio
1032 3001 1144 3088 vigore
1167 2999 1379 3087 praesentium
1400 2998 1621 3066 contrahendo
1637 3000 1700 3067 Dei

329 3103 523 3192 benignitate
539 3107 724 3194 susceperis,
748 3104 848 3195 palam
868 3104 919 3174 vel
941 3105 1065 3174 occulte
1087 3107 1120 3172 in
1142 3105 1259 3172 iudicio
1282 3104 1332 3172 vel
1349 3115 1434 3172 extra
1457 3104 1532 3172 illud
1555 3104 1699 3194 allegare,

329 3233 511 3300 proponere
542 3223 596 3279 aut
629 3211 784 3296 obiicere,
821 3235 875 3280 seu
907 3210 1005 3280 verbo
1037 3211 1088 3280 vel
1121 3211 1204 3279 facto
1237 3210 1396 3280 diffamare
1431 3231 1610 3299 praesumat
1647 3230 1700 3279 aut

328 3339 519 3407 quocunque
543 3317 643 3384 modo
667 3329 808 3386 attentet.
853 3316 940 3386 Nulli
964 3340 1041 3406 ergo
1065 3329 1125 3386 etc.

432 3423 550 3491 Datum
583 3424 616 3490 in
649 3425 773 3492 civitate
802 3435 910 3492 nostra
941 3421 1141 3492 Urbevetana
1182 3427 1230 3490 16.
1267 3421 1411 3490 calendas
1445 3422 1581 3508 januarii
1616 3443 1699 3511 1527

328 3527 535 3598 Pontificatus
558 3531 660 3598 nostri
683 3551 768 3597 anno
792 3531 914 3619 quint0.

534 3688 614 3744 Arch.
638 3689 724 3743 Vatic.
766 3687 845 3742 Varia
879 3689 1061 3759 politicorum,
1094 3689 1146 3743 vol.
1175 3703 1224 3760 159
1257 3707 1283 3744 n.
1317 3703 1355 3742 ro.
1397 3686 1484 3760 Kopie
1514 3688 1562 3742 mit
1591 3688 1700 3759 einigen

434 3775 656 3844 Schreibfehlem,
670 3777 817 3831 sonstaber
829 3776 891 3830 sehr
901 3775 1042 3848 sorgfatltig
1051 3777 1235 3847 geschrieben.
1253 3775 1385 3830 Dasselbe
1395 3775 1475 3830 Stuclr
1485 3775 1550 3830 Bibl.
1564 3775 1700 3831 Barberini

436 3865 561 3920 XXXIV.
591 3882 622 3938 19
645 3865 662 3920 f.
689 3865 747 3931 180,
771 3863 836 3920 Bibl.
861 3863 967 3919 Corsini
991 3864 1050 3921 cod.
1075 3879 1134 3932 244,
1159 3863 1175 3920 f.
1204 3866 1261 3931 148.
1303 3863 1438 3918 Gedruclrt
1466 3864 1509 3919 bei
1533 3864 1646 3919 Herbert
1670 3864 1704 3919 of

433 3953 581 4026 Cherbury,
601 3953 661 4007 The
680 3952 725 4007 life
749 3951 802 4007 and
819 3954 896 4024 reign
914 3951 947 4007 of
962 3953 1052 4026 Henry
1072 3951 1143 4008 Vlll.
1175 3952 1289 4008 London
1320 3951 1394 4022 1706,
1413 3970 1438 4024 p.
1460 3968 1518 4025 119,
1537 3953 1700 4024 neuerdings

435 4043 477 4097 bei
494 4041 609 4110 Pneueit,
629 4042 645 4096 l.
664 4059 687 4097 c.
706 4042 726 4097 1.
745 4060 770 4114 p.
789 4057 901 4112 22-27.
938 4042 986 4096 Bei
1004 4041 1117 4097 Herbert
1140 4041 1194 4096 und
1212 4039 1320 4095 Pococlr
1339 4040 1392 4094 und
1410 4040 1479 4096 auch
1496 4041 1522 4096 in
1542 4041 1590 4095 der
1612 4041 1700 4114 Kopie

436 4130 482 4184 der
501 4131 556 4185 Bib.
575 4129 653 4185 Cors.
673 4129 739 4184 fehlt
758 4129 805 4184 der
823 4129 910 4184 Name
930 4131 1051 4185 Arthurs.
1070 4129 1204 4202 Dagegen
1231 4130 1276 4184 hat
1301 4129 1374 4182 diese
1392 4129 1509 4194 tletztere
1534 4129 1577 4190 die
1600 4131 1699 4185 Unter-

435 4217 540 4273 schrift:
569 4220 597 4274 B.
622 4218 709 4274 Motta
734 4218 767 4273 de
795 4218 930 4274 mandato.
967 4217 1103 4274 Clemens.
1127 4218 1181 4273 und
1203 4217 1273 4272 daun
1301 4217 1343 4272 die
1363 4216 1508 4290 folgenden
1539 4218 1699 4274 Vermerlce:

434 4307 508 4361 Bulla
538 4308 634 4378 scripta
665 4308 766 4361 minuta
795 4325 875 4362 manu
901 4309 1006 4380 propria
1029 4309 1094 4364 Rev.
1119 4307 1256 4362 cardinalis
1284 4306 1418 4360 Laurentii
1446 4324 1480 4362 ss.
1506 4318 1631 4380 quatuor,
1664 4308 1698 4363 de

434 4396 606 4450 matrimonio
630 4393 790 4449 Catherinae
815 4395 923 4450 relictae
952 4397 1087 4468 quondam
1117 4395 1201 4450 fratris
1225 4397 1296 4466 regis
1320 4393 1436 4466 Angliae
1460 4412 1516 4450 non
1542 4397 1699 4467 ignorantes

435 4492 485 4537 etc.
528 4483 558 4537 ln
586 4482 755 4538 Urbevetana
784 4484 848 4537 urbe
879 4499 918 4539 1ο.
945 4483 1028 4538 calen.
1056 4485 1171 4555 Januarii
1198 4499 1268 4536 anno
1297 4483 1397 4555 quinto.
1439 4482 1532 4538 Motta.
1570 4483 1699 4540 Correcta

434 4580 474 4626 est
499 4573 599 4626 minuta
623 4572 701 4625 certis
725 4571 812 4625 verbis
841 4573 867 4626 in
891 4571 1012 4644 Margine
1036 4589 1083 4643 per
1108 4572 1278 4626 Clementem
1304 4571 1404 4642 Papam
1433 4589 1514 4628 manu
1538 4590 1585 4627 sua
1610 4590 1698 4629 secre-

433 4661 544 4714 tissime.
581 4660 616 4713 Es
635 4659 738 4714 scheint
757 4658 901 4728 demnach,
927 4659 982 4714 dass
1006 4668 1082 4715 unter
1106 4660 1157 4714 den
1181 4658 1391 4713 verschiedenen
1414 4657 1583 4731 Fassungen,
1607 4661 1649 4715 die
1668 4679 1698 4717 es

435 4764 488 4802 von
512 4748 559 4801 der
576 4747 764 4819 Dispensbulle
783 4748 864 4820 giebt,
888 4748 930 4802 die
954 4747 1132 4802 vorstehende
1157 4747 1405 4802 die'¹authentische
1428 4749 1470 4803 ist.
1507 4749 1616 4804 Pococlt
1637 4750 1699 4805 liest

434 4834 529 4889 zudem
552 4835 649 4889 immet
666 4836 719 4890 hoc
738 4837 937 4891 matrimonium
956 4853 980 4890 u.
1000 4853 1020 4890 s.
1040 4855 1074 4890 w.
1094 4845 1156 4891 statt
1175 4835 1326 4890 huiusmodi
1344 4853 1390 4902 m,
1410 4837 1508 4892 einmal
1531 4838 1609 4892 liceat
1635 4849 1699 4894 statt

434 4923 515 4990 licite,
535 4941 578 4977 am
591 4921 716 4978 Schlusse
729 4923 926 4995 impedimentis
939 4924 1079 4994 praedictis
1093 4932 1154 4978 statt
1168 4923 1389 4995 impedimentum
1401 4925 1566 4994 praedictum
1580 4944 1604 4982 u.
1619 4943 1638 4982 s.
1653 4947 1698 4996 w,
