3796 5538
189 311 259 367 Felix
280 331 333 367 von
354 313 432 368 Prato
452 310 516 366 iiber
534 309 576 366 die
596 312 690 383 palpstl.
710 307 935 383 Dispensgewalt.
1496 301 1555 364 241

189 473 308 540 Genes.
327 492 367 538 20
381 471 471 561 (12),
495 472 615 560 accepit
639 473 669 538 in
692 473 874 558 coniugem,
895 470 992 556 Jacob
1009 469 1085 538 duas
1109 493 1247 552 sorores,
1273 472 1390 540 Rachel
1412 473 1557 542 dilectam

188 591 219 646 et
242 579 343 646 Liam.
390 576 479 659 Quid
503 601 581 665 ergo
605 576 644 644 de
668 576 734 644 aliis
759 575 977 666 opinabimur?

295 683 442 752 Tertium
468 703 524 765 est,
548 695 713 771 praecepta
737 682 867 749 moralia
891 683 974 750 iuxta
1001 694 1185 770 temporum
1213 681 1427 751 diversitatem
1456 685 1559 752 homi·

190 814 331 880 numque
353 789 533 858 facilitatem
558 802 589 857 et
613 787 897 878 promptitudinem
914 806 1144 876 augumentum
1168 790 1335 877 accepisse.
1383 789 1484 870 Quod
1503 814 1559 879 per

187 909 294 964 totum
318 909 408 964 vetus
431 920 467 964 ac
491 919 612 963 novum
636 908 721 984 patet
744 907 980 962 testamentum.
1027 893 1121 962 Unde
1146 896 1279 980 August.
1303 893 1343 962 de
1366 895 1468 963 verbis
1492 898 1559 963 Do-

189 1003 269 1068 mini
292 1025 386 1089 super
408 1001 483 1069 illud
507 1000 619 1070 Matth.
644 1001 715 1090 (15,
741 999 815 1089 29):
852 998 1037 1068 Ascendens
1059 1000 1150 1085 Jesus
1181 1001 1212 1066 in
1241 1019 1402 1068 montem:
1438 1003 1559 1071 Maiora

190 1107 347 1196 siquidem
378 1120 544 1196 praecepta
573 1108 707 1174 iustitiae
737 1105 806 1174 data
838 1118 910 1174 sunt
939 1106 1125 1173 Christianis
1157 1104 1304 1195 (inquit),
1335 1109 1406 1196 quia
1435 1110 1559 1176 minora

190 1233 289 1294 erant,
314 1237 393 1302 quae
416 1213 541 1299 Judaeis
565 1213 635 1282 data
658 1225 741 1280 sunt.
788 1213 879 1280 Unus
907 1225 1014 1279 tamen
1038 1212 1127 1280 Deus
1157 1234 1212 1301 per
1235 1232 1361 1279 sanctos
1385 1214 1559 1302 Prophetas

191 1338 222 1387 et
247 1318 382 1387 famulos
406 1343 481 1388 suos
506 1319 681 1388 secundum
705 1318 973 1386 ordinatissimam
998 1317 1252 1386 distributionem
1268 1331 1451 1407 temporum
1475 1321 1560 1390 dedit

190 1428 316 1492 minora
338 1446 503 1514 praecepta
527 1424 662 1514 popul0‚
691 1449 786 1514 quern
809 1427 926 1492 timore
950 1423 1066 1511 alligari
1091 1422 1295 1513 opportebat,
1323 1437 1354 1492 et
1377 1449 1434 1514 per
1457 1425 1558 1494 filium

191 1555 284 1599 suum
309 1533 429 1598 maiora
452 1531 583 1619 popul0‚
606 1553 702 1620 quem
727 1533 852 1598 caritate
876 1532 938 1596 iam
954 1529 1075 1597 liberari
1100 1549 1302 1598 convenerat.
1349 1531 1432 1598 Cum
1455 1543 1560 1600 autem

191 1639 318 1704 minora
341 1636 527 1718 minoribus,
551 1638 672 1704 maiora
695 1635 865 1702 maioribus
882 1635 1005 1718 dantur,
1029 1634 1067 1704 ab
1091 1659 1130 1704 eo
1155 1636 1278 1720 dantur,
1302 1638 1461 1725 quinovit
1484 1661 1562 1706 con-

192 1755 343 1832 gruenter
366 1745 429 1811 suis
452 1742 649 1831 temporibus
672 1743 782 1830 generi
806 1743 947 1810 humano
972 1742 1120 1810 exhibere
1143 1740 1361 1810 medicinam.¹

299 1851 458 1932 Quartum
482 1862 544 1932 est,
569 1848 819 1937 dispensationes
847 1871 1010 1938 nunquam
1041 1850 1122 1916 circa
1151 1848 1336 1916 universalia
1363 1851 1480 1917 versari
1508 1875 1562 1919 ne-

193 1981 255 2046 que
278 1958 311 2024 in
335 1958 517 2024 universum
541 1955 684 2037 concedi,
708 1978 818 2023 verum
849 1957 931 2023 circa
953 1955 1146 2044 particularia
1175 1978 1235 2022 nec
1258 1978 1325 2022 non
1348 1954 1508 2025 individua
1532 1971 1563 2026 et

193 2063 233 2131 ad
265 2083 391 2151 tempus
422 2061 490 2130 fieri
518 2060 771 2130 determinatum.
824 2061 913 2143 Quas
942 2061 979 2128 ab
1009 2060 1123 2129 eodem
1153 2061 1332 2149 legislatore
1356 2061 1398 2129 ob
1427 2063 1562 2152 aliquant

193 2191 363 2237 concessas
387 2191 511 2235 causam
535 2166 586 2235 vel
609 2168 796 2256 mysterium
813 2168 846 2233 in
862 2165 972 2234 eadem
998 2178 1147 2235 annotata
1163 2168 1313 2254 scriptura
1328 2169 1377 2234 vel
1397 2167 1458 2235 alio
1475 2180 1562 2237 certo

193 2275 279 2358 loco,
303 2296 390 2341 sacra
412 2296 473 2340 nos
497 2271 591 2341 docet
615 2275 737 2362 pagina.
785 2271 885 2354 Quod
908 2285 996 2341 totus
1011 2274 1239 2361 Prophetarum
1265 2271 1433 2341 confirmat
1448 2287 1563 2358 textus,

195 2393 229 2448 ut
259 2380 298 2448 de
332 2380 498 2447 meretrice
529 2386 650 2446 uxore²
681 2392 712 2447 et
742 2379 878 2468 reliquis.
926 2379 1015 2460 Quas
1039 2380 1190 2446 Summus
1223 2381 1254 2445 in
1288 2377 1390 2446 arduis
1426 2380 1564 2447 imitatur

194 2486 343 2554 Pontifex
367 2487 447 2554 circa
472 2483 585 2553 divina.
633 2486 732 2553 Cuius
755 2485 882 2554 facultas
907 2498 964 2567 est,
988 2487 1072 2553 iuxta
1096 2508 1203 2552 earum
1233 2482 1479 2552 declarationem
1503 2484 1564 2552 dis-

195 2617 327 2682 pensare
357 2617 393 2660 ac
424 2591 481 2659 alia
511 2591 683 2675 declarare;
717 2615 806 2660 secus
838 2594 923 2659 enim
954 2594 980 2658 si
1011 2591 1111 2674 fieret,
1142 2592 1270 2658 Patrum
1301 2591 1350 2658 vel
1381 2610 1563 2659 sanctorum

194 2702 337 2767 virorum
354 2697 499 2787 exempla
513 2699 645 2786 impune
661 2710 843 2787 sequeretur
859 2701 1073 2787 unusquisque
1090 2709 1121 2766 et
1140 2698 1280 2784 vestigia.
1304 2696 1430 2764 Nullam
1446 2699 1564 2766 etenim

195 2808 262 2872 eius
286 2807 331 2872 rei
355 2805 536 2894 oppositam
565 2827 713 2871 normam
737 2805 923 2892 aspicientes
953 2802 1028 2892 quid
1056 2826 1113 2871 eos
1141 2816 1266 2870 acturos
1297 2803 1506 2871 iudicamus?'
1527 2804 1565 2871 Et

195 2933 260 2999 quo
284 2911 351 2978 iure
374 2908 526 2998 puniendi
550 2911 677 2978 essent?

301 3017 360 3084 His
382 3018 546 3106 praeiactis
569 3015 743 3084 seminibus
767 3018 926 3105 antiquam
943 3017 1208 3084 constitutionem
1223 3015 1273 3083 vel
1290 3014 1565 3099 consuetudinem,

197 3123 315 3190 Genes.
343 3125 382 3210 38
408 3122 464 3213 (8)
488 3147 505 3190 a
527 3123 606 3209 Juda
630 3122 862 3204 confirmatam,
886 3125 938 3212 qui
963 3135 1093 3190 mortuo
1117 3122 1183 3189 Her
1206 3121 1272 3189 filio
1296 3146 1354 3189 suo
1379 3125 1471 3190 nurui
1491 3146 1565 3190 suae

196 3228 338 3296 Thamar
355 3230 498 3312 nomine,
522 3228 664 3296 eiusdem
680 3228 821 3296 defuncti
843 3231 944 3311 uxori,
961 3227 1047 3296 dedit
1070 3226 1169 3294 filium
1186 3251 1278 3295 snum
1296 3228 1405 3310 Onan‚
1428 3242 1463 3296 ut
1484 3228 1565 3295 illam

197 3337 229 3402 in
254 3357 386 3402 uxorem
412 3335 555 3403 haberet:
586 3337 693 3402 uxoris
720 3333 822 3402 fratris
850 3333 995 3402 videlicet
1018 3332 1157 3402 defuncti
1181 3335 1249 3402 sine
1273 3334 1375 3401 liberis
1400 3336 1431 3400 in
1462 3337 1567 3402 matri-

198 3443 345 3508 monium
370 3440 623 3530 coniungendae,
653 3464 709 3529 per
732 3453 934 3529 praeceptum
957 3441 1114 3528 posterius
1143 3439 1251 3523 latum,
1282 3441 1380 3508 Levit.
1410 3442 1448 3507 18
1473 3439 1567 3530 (16):

100 3625 104 3628 ,
199 3548 317 3615 Uxoris
340 3546 441 3615 fratris
465 3548 509 3614 tui
532 3545 670 3614 verenda
693 3571 734 3614 ne
758 3546 887 3634 detegas
912 3587 953 3594 -
977 3546 1110 3613 minime
1125 3545 1277 3614 sublatam
1302 3544 1352 3614 vel
1375 3544 1417 3612 illi
1441 3548 1568 3635 quovis-

200 3654 300 3723 modo
318 3653 507 3742 derogatum
525 3676 701 3721 censemus.
736 3654 814 3721 Non
831 3655 916 3720 enim
933 3655 981 3720 ius
998 3654 1027 3720 ei
1043 3651 1223 3720 adversatur
1239 3664 1377 3720 naturae.
1414 3652 1568 3733 Quando-

200 3760 328 3850 quidem
359 3782 472 3828 eorum
496 3779 664 3849 sequentes
688 3759 938 3827 adversariorum
963 3757 1158 3842 doctrinam,
1191 3758 1294 3827 solum
1330 3760 1568 3827 matrimonium

201 3889 275 3934 cum
297 3877 384 3954 patre
407 3865 458 3933 vel
482 3883 598 3948 matre,
629 3877 759 3953 propter
782 3866 940 3933 honorem
973 3877 1004 3932 et
1035 3867 1242 3932 reverentiam
1271 3865 1317 3933 eis
1348 3864 1569 3946 adhibendam,

201 3974 284 4040 iuxta
307 3993 440 4038 sexuum
464 3969 684 4053 differentiam,
705 3973 752 4038 ius
774 3970 933 4059 prohibuit
949 3984 1077 4039 naturae
1095 3994 1154 4038 nec
1171 3973 1275 4037 minus
1292 3971 1446 4040 divinum.
1485 3973 1570 4039 Ante

201 4076 231 4144 id
254 4089 382 4165 tempus
404 4077 526 4145 nullum
550 4101 666 4165 nempe
690 4079 723 4143 in
747 4075 902 4145 eiusmodi
927 4076 1084 4145 affinitatis
1100 4075 1200 4164 gradu
1223 4078 1400 4165 aspicimus.
1447 4078 1568 4144 Verum

203 4205 240 4270 25
268 4181 324 4272 (5)
348 4184 479 4251 Deuter.
505 4207 574 4250 eam
599 4182 891 4272 [consuetudinem]
915 4181 1134 4251 confirmatam
1160 4185 1336 4272 poenisque
1352 4185 1508 4251 munitam
1525 4185 1571 4251 in-

202 4295 359 4358 tuemur.³
404 4290 455 4356 An
479 4289 567 4357 Deus
590 4302 624 4356 ut
648 4289 748 4357 horno
772 4287 852 4357 adeo
877 4292 1040 4378 repentine
1064 4302 1165 4357 mutat
1181 4291 1381 4372 sententiam,
1405 4313 1444 4356 an
1468 4302 1503 4357 ut
1526 4291 1572 4357 in·

311 4456 319 4486 ¹
338 4447 500 4502 Wdrtliches
514 4447 585 4502 Citat
604 4465 650 4502 aus
663 4449 709 4503 Sti.
723 4449 877 4520 Augustini:
897 4448 938 4501 De
958 4465 1083 4503 sermone
1096 4448 1205 4502 Domini
1224 4449 1251 4502 in
1270 4458 1362 4503 monle
1382 4448 1424 4503 lib.
1439 4449 1457 4504 l.
1478 4467 1534 4521 cap.
1550 4465 1573 4504 2.

203 4520 303 4591 Migne,
323 4518 350 4574 O
370 4536 414 4573 era
434 4519 459 4572 S.
478 4519 592 4590 August.
612 4519 657 4585 Ill,
678 4535 701 4574 2.
722 4518 773 4574 col.
795 4534 869 4590 ¹23¹·

311 4597 322 4627 ²
367 4605 421 4656 see,
443 4607 465 4656 1,
486 4604 509 4644 2.
547 4591 707 4662 Principium
726 4589 851 4661 loquendi
869 4590 989 4644 Domino
1007 4591 1033 4643 in
1048 4589 1133 4656 Osee;
1154 4598 1180 4643 et
1199 4589 1261 4642 dixit
1282 4590 1413 4644 Dominus
1433 4590 1465 4643 ad
1484 4589 1572 4645 Osee:

205 4661 292 4728 Vade,
317 4677 393 4715 sume
411 4661 459 4714 tibi
483 4676 595 4714 uxorem
619 4659 823 4715 fornicationum
849 4671 875 4715 et
895 4660 936 4714 fac
955 4661 1000 4714 tibi
1024 4659 1093 4713 filios
1119 4660 1336 4727 fornicationum,
1356 4661 1415 4731 quia
1442 4660 1574 4714 fornicans

204 4731 375 4856 fomiqabitur
392 4739 461 4785 terra
474 4748 489 4784 a
501 4731 629 4786 Domino.
668 4731 722 4785 Das
742 4740 888 4802 ungetreue
904 4731 982 4784 Weib
1001 4729 1079 4784 sollte
1099 4732 1141 4784 ein
1156 4730 1213 4783 Bild
1232 4729 1279 4783 des
1298 4740 1462 4801 ungetreuen
1473 4730 1574 4785 Volles

204 4803 275 4856 lsrae
304 4803 368 4856 sein.

312 4873 419 4928 nDeut.
440 4887 480 4940 25,
497 4887 519 4940 5.
550 4873 576 4926 S.
590 4873 684 4944 vorige
696 4872 776 4939 Seite,
795 4872 875 4926 Anm.
891 4887 915 4925 2.
946 4871 1025 4925 Deut.
1047 4885 1087 4939 25,
1102 4887 1129 4941 7:
1149 4871 1195 4925 Sin
1214 4882 1303 4925 autem
1322 4872 1435 4926 noluerit
1455 4872 1510 4926 acci
1531 4889 1575 4927 ere

206 4961 316 4998 uxorem
335 4943 421 4997 fratris
436 4943 482 5009 sui,
503 4959 569 5015 quae
583 4945 607 4996 ei
626 4943 687 5013 lege
701 4942 817 5007 debetur,
838 4950 931 5013 perget
945 4942 1039 4995 mulier
1057 4941 1089 4994 ad
1106 4951 1210 5012 portam
1224 4943 1335 4996 civitatis
1355 4952 1380 4997 et
1400 4891 1575 5014 interpelihbit

259 5051 363 5103 Ehses,
379 5047 505 5092 lldmlselre
521 5048 678 5092 Dolcnmnnte.
1421 5057 1444 5094 Ν
