<?xml version="1.0" encoding="UTF-8"?>
<!DOCTYPE html PUBLIC "-//W3C//DTD XHTML 1.0 Transitional//EN"
    "http://www.w3.org/TR/xhtml1/DTD/xhtml1-transitional.dtd">
<html xmlns="http://www.w3.org/1999/xhtml" xml:lang="en" lang="en">
 <head>
  <title>
</title>
<meta http-equiv="Content-Type" content="text/html;charset=utf-8" />
  <meta name='ocr-system' content='tesseract 3.04.00' />
  <meta name='ocr-capabilities' content='ocr_page ocr_carea ocr_par ocr_line ocrx_word'/>
</head>
<body>
  <div class='ocr_page' id='page_1' title='image "./rmischedokument00ehsegoog_0189.png"; bbox 0 0 3824 5528; ppageno 0'>
   <div class='ocr_carea' id='block_1_1' title="bbox 1468 257 1715 325">
    <p class='ocr_par' dir='ltr' id='par_1_1' title="bbox 1468 257 1715 325">
     <span class='ocr_line' id='line_1_1' title="bbox 1468 257 1715 325; baseline -0.012 -14"><span class='ocrx_word' id='word_1_1' title='bbox 1468 257 1622 311; x_wconf 82' lang='lat' dir='ltr'>November</span> <span class='ocrx_word' id='word_1_2' title='bbox 1643 270 1715 325; x_wconf 82' lang='lat'>1529.</span> 
     </span>
    </p>
   </div>
   <div class='ocr_carea' id='block_1_2' title="bbox 1003 461 1061 544">
    <p class='ocr_par' dir='ltr' id='par_1_2' title="bbox 1003 461 1061 544">
     <span class='ocr_line' id='line_1_2' title="bbox 1003 461 1061 544; baseline -0.017 0"><span class='ocrx_word' id='word_1_3' title='bbox 1003 461 1061 544; x_wconf 74' lang='lat'><strong>73.</strong></span> 
     </span>
    </p>
   </div>
   <div class='ocr_carea' id='block_1_3' title="bbox 477 613 1590 710">
    <p class='ocr_par' dir='ltr' id='par_1_3' title="bbox 477 613 1590 710">
     <span class='ocr_line' id='line_1_3' title="bbox 477 613 1590 710; baseline -0.011 -20"><span class='ocrx_word' id='word_1_4' title='bbox 477 623 713 710; x_wconf 84' lang='lat' dir='ltr'><strong>Campeggio</strong></span> <span class='ocrx_word' id='word_1_5' title='bbox 738 645 777 688; x_wconf 84' lang='lat' dir='ltr'><strong>an</strong></span> <span class='ocrx_word' id='word_1_6' title='bbox 800 622 872 706; x_wconf 77' lang='lat' dir='ltr'>Jae.</span> <span class='ocrx_word' id='word_1_7' title='bbox 898 618 1064 686; x_wconf 86' lang='lat' dir='ltr'><strong>Salviati.</strong></span> <span class='ocrx_word' id='word_1_8' title='bbox 1112 617 1207 698; x_wconf 86' lang='lat' dir='ltr'><strong>Paris,</strong></span> <span class='ocrx_word' id='word_1_9' title='bbox 1234 637 1260 701; x_wconf 87' lang='lat'><strong>5.</strong></span> <span class='ocrx_word' id='word_1_10' title='bbox 1287 613 1470 682; x_wconf 85' lang='lat' dir='ltr'>November</span> <span class='ocrx_word' id='word_1_11' title='bbox 1499 633 1590 697; x_wconf 84' lang='lat'>1529.</span> 
     </span>
    </p>
   </div>
   <div class='ocr_carea' id='block_1_4' title="bbox 349 770 1717 1027">
    <p class='ocr_par' dir='ltr' id='par_1_4' title="bbox 349 770 1717 1027">
     <span class='ocr_line' id='line_1_4' title="bbox 456 770 1716 848; baseline -0.01 -14"><span class='ocrx_word' id='word_1_12' title='bbox 456 783 558 836; x_wconf 67' lang='lat' dir='ltr'><strong>Aornise</strong></span> <span class='ocrx_word' id='word_1_13' title='bbox 581 799 626 834; x_wconf 83' lang='lat' dir='ltr'><strong>aus</strong></span> <span class='ocrx_word' id='word_1_14' title='bbox 650 781 765 844; x_wconf 84' lang='lat' dir='ltr'><strong>London,</strong></span> <span class='ocrx_word' id='word_1_15' title='bbox 792 779 954 832; x_wconf 77' lang='lat' dir='ltr'><strong>Hinderm&#39;ssc</strong></span> <span class='ocrx_word' id='word_1_16' title='bbox 978 779 1030 830; x_wconf 81' lang='lat' dir='ltr'><strong>und</strong></span> <span class='ocrx_word' id='word_1_17' title='bbox 1051 775 1199 848; x_wconf 79' lang='lat' dir='ltr'><strong>Ausenthalt</strong></span> <span class='ocrx_word' id='word_1_18' title='bbox 1224 778 1250 828; x_wconf 83' lang='lat' dir='ltr'><strong>in</strong></span> <span class='ocrx_word' id='word_1_19' title='bbox 1276 775 1374 838; x_wconf 73' lang='lat' dir='ltr'><strong>Doorr,</strong></span> <span class='ocrx_word' id='word_1_20' title='bbox 1398 773 1585 843; x_wconf 76' lang='lat' dir='ltr'><strong>›eachtrdglicbe</strong></span> <span class='ocrx_word' id='word_1_21' title='bbox 1604 770 1716 840; x_wconf 73' lang='lat' dir='ltr'><strong>Aotkunst</strong></span> 
     </span>
     <span class='ocr_line' id='line_1_5' title="bbox 349 859 1717 943; baseline -0.011 -19"><span class='ocrx_word' id='word_1_22' title='bbox 349 891 399 924; x_wconf 75' lang='lat' dir='ltr'><strong>von</strong></span> <span class='ocrx_word' id='word_1_23' title='bbox 420 871 560 943; x_wconf 76' lang='lat' dir='ltr'>Depeschen</span> <span class='ocrx_word' id='word_1_24' title='bbox 584 870 636 922; x_wconf 85' lang='lat' dir='ltr'><strong>und</strong></span> <span class='ocrx_word' id='word_1_25' title='bbox 655 869 753 922; x_wconf 77' lang='lat' dir='ltr'><strong>Breven</strong></span> <span class='ocrx_word' id='word_1_26' title='bbox 777 885 823 921; x_wconf 86' lang='lat' dir='ltr'><strong>ous</strong></span> <span class='ocrx_word' id='word_1_27' title='bbox 843 867 914 931; x_wconf 86' lang='lat' dir='ltr'><strong>Rom,</strong></span> <span class='ocrx_word' id='word_1_28' title='bbox 939 865 1055 936; x_wconf 74' lang='lat' dir='ltr'><strong>Aniunst</strong></span> <span class='ocrx_word' id='word_1_29' title='bbox 1078 868 1104 917; x_wconf 81' lang='lat' dir='ltr'><strong>in</strong></span> <span class='ocrx_word' id='word_1_30' title='bbox 1125 865 1205 918; x_wconf 80' lang='lat' dir='ltr'><strong>Paris.</strong></span> <span class='ocrx_word' id='word_1_31' title='bbox 1245 863 1412 917; x_wconf 82' lang='lat' dir='ltr'><strong>Nochrichten</strong></span> <span class='ocrx_word' id='word_1_32' title='bbox 1438 863 1497 914; x_wconf 69' lang='lat' dir='ltr'><strong>aber</strong></span> <span class='ocrx_word' id='word_1_33' title='bbox 1514 861 1562 912; x_wconf 83' lang='lat' dir='ltr'><strong>den</strong></span> <span class='ocrx_word' id='word_1_34' title='bbox 1583 859 1657 927; x_wconf 57' lang='grc' dir='ltr'><strong>δίκη</strong></span> <span class='ocrx_word' id='word_1_35' title='bbox 1676 859 1717 910; x_wconf 86' lang='lat' dir='ltr'><strong>der</strong></span> 
     </span>
     <span class='ocr_line' id='line_1_6' title="bbox 351 949 1553 1027; baseline -0.009 -15"><span class='ocrx_word' id='word_1_36' title='bbox 351 960 491 1012; x_wconf 84' lang='lat' dir='ltr'><strong>Kardinols</strong></span> <span class='ocrx_word' id='word_1_37' title='bbox 509 957 614 1027; x_wconf 84' lang='lat' dir='ltr'><strong>WoIsey,</strong></span> <span class='ocrx_word' id='word_1_38' title='bbox 634 956 773 1027; x_wconf 77' lang='lat' dir='ltr'><strong>Hoffnung,</strong></span> <span class='ocrx_word' id='word_1_39' title='bbox 792 957 850 1024; x_wconf 83' lang='lat' dir='ltr'><strong>dass</strong></span> <span class='ocrx_word' id='word_1_40' title='bbox 870 954 993 1008; x_wconf 85' lang='lat' dir='ltr'><em>Heinrich</em></span> <span class='ocrx_word' id='word_1_41' title='bbox 1009 953 1079 1007; x_wconf 83' lang='lat' dir='ltr'><em>VIII.</em></span> <span class='ocrx_word' id='word_1_42' title='bbox 1099 955 1183 1007; x_wconf 80' lang='lat' dir='ltr'><strong>seium</strong></span> <span class='ocrx_word' id='word_1_43' title='bbox 1206 953 1298 1006; x_wconf 80' lang='lat' dir='ltr'><strong>Unmrd</strong></span> <span class='ocrx_word' id='word_1_44' title='bbox 1317 953 1444 1022; x_wconf 76' lang='lat' dir='ltr'><strong>mdssigen</strong></span> <span class='ocrx_word' id='word_1_45' title='bbox 1462 949 1553 1003; x_wconf 83' lang='lat' dir='ltr'><em>werde.</em></span> 
     </span>
    </p>
   </div>
   <div class='ocr_carea' id='block_1_5' title="bbox 323 1089 1726 4794">
    <p class='ocr_par' dir='ltr' id='par_1_5' title="bbox 349 1089 1722 1908">
     <span class='ocr_line' id='line_1_7' title="bbox 454 1089 1718 1187; baseline -0.008 -20"><span class='ocrx_word' id='word_1_46' title='bbox 454 1098 636 1187; x_wconf 84' lang='lat' dir='ltr'><strong>Magnifice.</strong></span> <span class='ocrx_word' id='word_1_47' title='bbox 683 1096 870 1164; x_wconf 83' lang='lat' dir='ltr'><strong>Essendomi</strong></span> <span class='ocrx_word' id='word_1_48' title='bbox 900 1098 1013 1184; x_wconf 82' lang='lat' dir='ltr'><strong>partito</strong></span> <span class='ocrx_word' id='word_1_49' title='bbox 1038 1093 1104 1162; x_wconf 87' lang='lat' dir='ltr'><strong>fino</strong></span> <span class='ocrx_word' id='word_1_50' title='bbox 1135 1094 1183 1161; x_wconf 82' lang='lat' dir='ltr'><strong>alii</strong></span> <span class='ocrx_word' id='word_1_51' title='bbox 1207 1095 1238 1161; x_wconf 91' lang='lat' dir='ltr'>V</span> <span class='ocrx_word' id='word_1_52' title='bbox 1262 1092 1312 1161; x_wconf 87' lang='lat' dir='ltr'><strong>del</strong></span> <span class='ocrx_word' id='word_1_53' title='bbox 1335 1104 1460 1180; x_wconf 88' lang='lat' dir='ltr'><strong>passato</strong></span> <span class='ocrx_word' id='word_1_54' title='bbox 1484 1089 1515 1158; x_wconf 87' lang='lat' dir='ltr'><strong>di</strong></span> <span class='ocrx_word' id='word_1_55' title='bbox 1539 1089 1663 1156; x_wconf 83' lang='lat' dir='ltr'><strong>Londra</strong></span> <span class='ocrx_word' id='word_1_56' title='bbox 1688 1102 1718 1157; x_wconf 90' lang='lat' dir='ltr'>et</span> 
     </span>
     <span class='ocr_line' id='line_1_8' title="bbox 349 1197 1719 1292; baseline -0.008 -19"><span class='ocrx_word' id='word_1_57' title='bbox 349 1205 543 1273; x_wconf 89' lang='lat' dir='ltr'><strong>venendomi</strong></span> <span class='ocrx_word' id='word_1_58' title='bbox 568 1204 629 1273; x_wconf 92' lang='lat' dir='ltr'><strong>doe</strong></span> <span class='ocrx_word' id='word_1_59' title='bbox 653 1205 798 1292; x_wconf 84' lang='lat' dir='ltr'><strong>giomate</strong></span> <span class='ocrx_word' id='word_1_60' title='bbox 822 1201 852 1270; x_wconf 93' lang='lat' dir='ltr'><strong>di</strong></span> <span class='ocrx_word' id='word_1_61' title='bbox 876 1203 930 1290; x_wconf 92' lang='lat' dir='ltr'><strong>poi</strong></span> <span class='ocrx_word' id='word_1_62' title='bbox 955 1202 1057 1269; x_wconf 89' lang='lat' dir='ltr'><strong>dietro</strong></span> <span class='ocrx_word' id='word_1_63' title='bbox 1081 1200 1101 1266; x_wconf 95' lang='lat' dir='ltr'><strong>il</strong></span> <span class='ocrx_word' id='word_1_64' title='bbox 1125 1202 1193 1288; x_wconf 87' lang='lat' dir='ltr'><strong>Sgr.</strong></span> <span class='ocrx_word' id='word_1_65' title='bbox 1219 1199 1363 1266; x_wconf 84' lang='lat' dir='ltr'><strong>auditore</strong></span> <span class='ocrx_word' id='word_1_66' title='bbox 1386 1197 1425 1265; x_wconf 86' lang='lat' dir='ltr'><strong>de</strong></span> <span class='ocrx_word' id='word_1_67' title='bbox 1448 1198 1475 1264; x_wconf 85' lang='lat' dir='ltr'><strong>la</strong></span> <span class='ocrx_word' id='word_1_68' title='bbox 1495 1198 1640 1276; x_wconf 85' lang='lat' dir='ltr'>Camera,</span> <span class='ocrx_word' id='word_1_69' title='bbox 1664 1219 1719 1283; x_wconf 89' lang='lat' dir='ltr'><strong>per</strong></span> 
     </span>
     <span class='ocr_line' id='line_1_9' title="bbox 349 1304 1719 1396; baseline -0.009 -17"><span class='ocrx_word' id='word_1_70' title='bbox 349 1313 390 1378; x_wconf 87' lang='lat' dir='ltr'><strong>iui</strong></span> <span class='ocrx_word' id='word_1_71' title='bbox 407 1313 510 1379; x_wconf 89' lang='lat' dir='ltr'><strong>scrissi</strong></span> <span class='ocrx_word' id='word_1_72' title='bbox 535 1311 752 1379; x_wconf 81' lang='lat' dir='ltr'>ultimamente</span> <span class='ocrx_word' id='word_1_73' title='bbox 770 1310 916 1376; x_wconf 85' lang='lat' dir='ltr'><strong>aVostra</strong></span> <span class='ocrx_word' id='word_1_74' title='bbox 931 1309 1091 1396; x_wconf 84' lang='lat' dir='ltr'><strong>Signoria;</strong></span> <span class='ocrx_word' id='word_1_75' title='bbox 1116 1330 1171 1394; x_wconf 92' lang='lat' dir='ltr'><strong>per</strong></span> <span class='ocrx_word' id='word_1_76' title='bbox 1187 1331 1229 1373; x_wconf 92' lang='lat' dir='ltr'><strong>un</strong></span> <span class='ocrx_word' id='word_1_77' title='bbox 1247 1305 1397 1374; x_wconf 83' lang='lat' dir='ltr'><strong>cavallaro</strong></span> <span class='ocrx_word' id='word_1_78' title='bbox 1415 1304 1495 1372; x_wconf 88' lang='lat' dir='ltr'>che’l</span> <span class='ocrx_word' id='word_1_79' title='bbox 1511 1305 1649 1390; x_wconf 61' lang='lat' dir='ltr'><strong>seguino,</strong></span> <span class='ocrx_word' id='word_1_80' title='bbox 1673 1325 1719 1368; x_wconf 89' lang='lat' dir='ltr'><strong>re-</strong></span> 
     </span>
     <span class='ocr_line' id='line_1_10' title="bbox 349 1408 1720 1505; baseline -0.007 -21"><span class='ocrx_word' id='word_1_81' title='bbox 349 1418 439 1505; x_wconf 84' lang='lat' dir='ltr'><strong>plicai</strong></span> <span class='ocrx_word' id='word_1_82' title='bbox 464 1418 484 1484; x_wconf 89' lang='lat' dir='ltr'><strong>il</strong></span> <span class='ocrx_word' id='word_1_83' title='bbox 507 1417 697 1498; x_wconf 89' lang='lat' dir='ltr'><strong>medesim0,</strong></span> <span class='ocrx_word' id='word_1_84' title='bbox 726 1415 810 1484; x_wconf 90' lang='lat' dir='ltr'><strong>onde</strong></span> <span class='ocrx_word' id='word_1_85' title='bbox 835 1417 914 1483; x_wconf 84' lang='lat' dir='ltr'><strong>circa</strong></span> <span class='ocrx_word' id='word_1_86' title='bbox 943 1415 971 1481; x_wconf 82' lang='lat' dir='ltr'><strong>la</strong></span> <span class='ocrx_word' id='word_1_87' title='bbox 993 1416 1105 1502; x_wconf 81' lang='lat' dir='ltr'><strong>partita</strong></span> <span class='ocrx_word' id='word_1_88' title='bbox 1128 1416 1190 1480; x_wconf 81' lang='lat' dir='ltr'><strong>min</strong></span> <span class='ocrx_word' id='word_1_89' title='bbox 1214 1437 1280 1479; x_wconf 91' lang='lat' dir='ltr'><strong>non</strong></span> <span class='ocrx_word' id='word_1_90' title='bbox 1305 1413 1377 1479; x_wconf 90' lang='lat' dir='ltr'><strong>dico</strong></span> <span class='ocrx_word' id='word_1_91' title='bbox 1400 1410 1479 1478; x_wconf 84' lang='lat' dir='ltr'><strong>altro</strong></span> <span class='ocrx_word' id='word_1_92' title='bbox 1503 1434 1537 1477; x_wconf 87' lang='lat' dir='ltr'><strong>se</strong></span> <span class='ocrx_word' id='word_1_93' title='bbox 1560 1432 1626 1476; x_wconf 91' lang='lat' dir='ltr'><strong>non</strong></span> <span class='ocrx_word' id='word_1_94' title='bbox 1651 1408 1720 1490; x_wconf 86' lang='lat' dir='ltr'><strong>che,</strong></span> 
     </span>
     <span class='ocr_line' id='line_1_11' title="bbox 350 1514 1721 1612; baseline -0.006 -23"><span class='ocrx_word' id='word_1_95' title='bbox 350 1547 465 1590; x_wconf 83' lang='lat' dir='ltr'><strong>ancora</strong></span> <span class='ocrx_word' id='word_1_96' title='bbox 489 1524 572 1590; x_wconf 88' lang='lat' dir='ltr'><strong>ch&#39;io</strong></span> <span class='ocrx_word' id='word_1_97' title='bbox 601 1524 723 1612; x_wconf 85' lang='lat' dir='ltr'><strong>partissi</strong></span> <span class='ocrx_word' id='word_1_98' title='bbox 751 1523 778 1588; x_wconf 84' lang='lat' dir='ltr'><strong>al</strong></span> <span class='ocrx_word' id='word_1_99' title='bbox 803 1521 833 1588; x_wconf 87' lang='lat' dir='ltr'><strong>di</strong></span> <span class='ocrx_word' id='word_1_100' title='bbox 857 1521 957 1603; x_wconf 86' lang='lat' dir='ltr'><strong>detto,</strong></span> <span class='ocrx_word' id='word_1_101' title='bbox 987 1543 1052 1588; x_wconf 89' lang='lat' dir='ltr'><strong>non</strong></span> <span class='ocrx_word' id='word_1_102' title='bbox 1082 1522 1182 1608; x_wconf 89' lang='lat' dir='ltr'><strong>passai</strong></span> <span class='ocrx_word' id='word_1_103' title='bbox 1211 1542 1268 1608; x_wconf 88' lang='lat' dir='ltr'><strong>per</strong></span> <span class='ocrx_word' id='word_1_104' title='bbox 1295 1519 1316 1585; x_wconf 92' lang='lat' dir='ltr'><strong>il</strong></span> <span class='ocrx_word' id='word_1_105' title='bbox 1340 1540 1426 1584; x_wconf 81' lang='lat' dir='ltr'>mare</span> <span class='ocrx_word' id='word_1_106' title='bbox 1454 1519 1556 1606; x_wconf 83' lang='lat' dir='ltr'><strong>prima</strong></span> <span class='ocrx_word' id='word_1_107' title='bbox 1583 1514 1641 1583; x_wconf 87' lang='lat' dir='ltr'>che</span> <span class='ocrx_word' id='word_1_108' title='bbox 1670 1515 1721 1582; x_wconf 82' lang='lat' dir='ltr'><strong>alli</strong></span> 
     </span>
     <span class='ocr_line' id='line_1_12' title="bbox 350 1622 1721 1717; baseline -0.005 -21"><span class='ocrx_word' id='word_1_109' title='bbox 350 1629 471 1710; x_wconf 89' lang='lat' dir='ltr'>XXVI,</span> <span class='ocrx_word' id='word_1_110' title='bbox 495 1652 551 1717; x_wconf 87' lang='lat' dir='ltr'><strong>per</strong></span> <span class='ocrx_word' id='word_1_111' title='bbox 569 1631 645 1696; x_wconf 84' lang='lat' dir='ltr'><strong>varii</strong></span> <span class='ocrx_word' id='word_1_112' title='bbox 668 1627 898 1716; x_wconf 87' lang='lat' dir='ltr'><strong>impedimenti,</strong></span> <span class='ocrx_word' id='word_1_113' title='bbox 923 1627 981 1694; x_wconf 83' lang='lat' dir='ltr'>che</span> <span class='ocrx_word' id='word_1_114' title='bbox 1005 1629 1049 1692; x_wconf 92' lang='lat' dir='ltr'><strong>mi</strong></span> <span class='ocrx_word' id='word_1_115' title='bbox 1072 1627 1319 1714; x_wconf 84' lang='lat' dir='ltr'><strong>sopragionsero</strong></span> <span class='ocrx_word' id='word_1_116' title='bbox 1344 1624 1384 1693; x_wconf 83' lang='lat' dir='ltr'><strong>da</strong></span> <span class='ocrx_word' id='word_1_117' title='bbox 1406 1622 1534 1690; x_wconf 86' lang='lat' dir='ltr'><strong>Londra</strong></span> <span class='ocrx_word' id='word_1_118' title='bbox 1549 1645 1566 1690; x_wconf 83' lang='lat' dir='ltr'><strong>a</strong></span> <span class='ocrx_word' id='word_1_119' title='bbox 1582 1623 1721 1703; x_wconf 84' lang='lat' dir='ltr'><strong>Dovera,</strong></span> 
     </span>
     <span class='ocr_line' id='line_1_13' title="bbox 351 1727 1722 1823; baseline -0.005 -21"><span class='ocrx_word' id='word_1_120' title='bbox 351 1736 381 1802; x_wconf 92' lang='lat' dir='ltr'><strong>di</strong></span> <span class='ocrx_word' id='word_1_121' title='bbox 406 1735 463 1802; x_wconf 82' lang='lat' dir='ltr'>che</span> <span class='ocrx_word' id='word_1_122' title='bbox 485 1737 539 1822; x_wconf 77' lang='lat' dir='ltr'><strong>piri</strong></span> <span class='ocrx_word' id='word_1_123' title='bbox 563 1759 579 1802; x_wconf 84' lang='lat' dir='ltr'>a</span> <span class='ocrx_word' id='word_1_124' title='bbox 603 1737 699 1823; x_wconf 89' lang='lat' dir='ltr'><strong>pieno</strong></span> <span class='ocrx_word' id='word_1_125' title='bbox 723 1735 892 1822; x_wconf 81' lang='lat' dir='ltr'><strong>ragionero</strong></span> <span class='ocrx_word' id='word_1_126' title='bbox 917 1745 947 1800; x_wconf 87' lang='lat' dir='ltr'>et</span> <span class='ocrx_word' id='word_1_127' title='bbox 970 1731 1112 1801; x_wconf 79' lang='lat' dir='ltr'><strong>satisiaro</strong></span> <span class='ocrx_word' id='word_1_128' title='bbox 1137 1756 1153 1798; x_wconf 84' lang='lat' dir='ltr'>a</span> <span class='ocrx_word' id='word_1_129' title='bbox 1176 1731 1291 1812; x_wconf 82' lang='lat' dir='ltr'><strong>bocca,</strong></span> <span class='ocrx_word' id='word_1_130' title='bbox 1321 1755 1355 1798; x_wconf 88' lang='lat' dir='ltr'><strong>se</strong></span> <span class='ocrx_word' id='word_1_131' title='bbox 1379 1731 1444 1800; x_wconf 90' lang='lat' dir='ltr'><strong>Dio</strong></span> <span class='ocrx_word' id='word_1_132' title='bbox 1468 1731 1513 1796; x_wconf 95' lang='lat' dir='ltr'><strong>mi</strong></span> <span class='ocrx_word' id='word_1_133' title='bbox 1536 1727 1679 1796; x_wconf 77' lang='lat' dir='ltr'><strong>conduco</strong></span> <span class='ocrx_word' id='word_1_134' title='bbox 1703 1751 1722 1794; x_wconf 87' lang='lat' dir='ltr'>a</span> 
     </span>
     <span class='ocr_line' id='line_1_14' title="bbox 350 1841 555 1908; baseline 0 0"><span class='ocrx_word' id='word_1_135' title='bbox 350 1841 555 1908; x_wconf 86' lang='lat' dir='ltr'><strong>salvamento.</strong></span> 
     </span>
    </p>

    <p class='ocr_par' dir='ltr' id='par_1_6' title="bbox 323 1943 1723 3096">
     <span class='ocr_line' id='line_1_15' title="bbox 456 1943 1722 2031; baseline -0.006 -17"><span class='ocrx_word' id='word_1_136' title='bbox 456 1947 685 2016; x_wconf 79' lang='lat' dir='ltr'><strong>continuando</strong></span> <span class='ocrx_word' id='word_1_137' title='bbox 717 1947 736 2013; x_wconf 93' lang='lat' dir='ltr'><strong>iI</strong></span> <span class='ocrx_word' id='word_1_138' title='bbox 766 1948 832 2013; x_wconf 91' lang='lat' dir='ltr'><strong>mio</strong></span> <span class='ocrx_word' id='word_1_139' title='bbox 864 1948 990 2014; x_wconf 83' lang='lat' dir='ltr'><strong>camino</strong></span> <span class='ocrx_word' id='word_1_140' title='bbox 1021 1946 1122 2012; x_wconf 86' lang='lat' dir='ltr'><strong>uscito</strong></span> <span class='ocrx_word' id='word_1_141' title='bbox 1154 1943 1185 2012; x_wconf 93' lang='lat' dir='ltr'><strong>di</strong></span> <span class='ocrx_word' id='word_1_142' title='bbox 1217 1943 1381 2031; x_wconf 83' lang='lat' dir='ltr'><strong>Bologna²</strong></span> <span class='ocrx_word' id='word_1_143' title='bbox 1411 1943 1567 2010; x_wconf 86' lang='lat' dir='ltr'><strong>incontrai</strong></span> <span class='ocrx_word' id='word_1_144' title='bbox 1600 1966 1641 2009; x_wconf 89' lang='lat' dir='ltr'><strong>un</strong></span> <span class='ocrx_word' id='word_1_145' title='bbox 1673 1964 1722 2006; x_wconf 82' lang='lat' dir='ltr'><strong>ca·</strong></span> 
     </span>
     <span class='ocr_line' id='line_1_16' title="bbox 350 2047 1722 2138; baseline -0.004 -19"><span class='ocrx_word' id='word_1_146' title='bbox 350 2052 477 2133; x_wconf 80' lang='lat' dir='ltr'><strong>valiam,</strong></span> <span class='ocrx_word' id='word_1_147' title='bbox 502 2053 560 2120; x_wconf 85' lang='lat' dir='ltr'>che</span> <span class='ocrx_word' id='word_1_148' title='bbox 585 2055 628 2119; x_wconf 91' lang='lat' dir='ltr'><strong>mi</strong></span> <span class='ocrx_word' id='word_1_149' title='bbox 653 2052 738 2121; x_wconf 88' lang='lat' dir='ltr'>dette</span> <span class='ocrx_word' id='word_1_150' title='bbox 763 2052 790 2119; x_wconf 89' lang='lat' dir='ltr'>le</span> <span class='ocrx_word' id='word_1_151' title='bbox 815 2051 845 2120; x_wconf 92' lang='lat' dir='ltr'><strong>di</strong></span> <span class='ocrx_word' id='word_1_152' title='bbox 862 2053 902 2118; x_wconf 93' lang='lat' dir='ltr'><strong>V.</strong></span> <span class='ocrx_word' id='word_1_153' title='bbox 920 2053 951 2118; x_wconf 79' lang='lat' dir='ltr'><strong>S.</strong></span> <span class='ocrx_word' id='word_1_154' title='bbox 976 2049 1008 2118; x_wconf 93' lang='lat' dir='ltr'><strong>di</strong></span> <span class='ocrx_word' id='word_1_155' title='bbox 1032 2049 1127 2116; x_wconf 88' lang='lat' dir='ltr'><strong>XXV</strong></span> <span class='ocrx_word' id='word_1_156' title='bbox 1152 2048 1182 2116; x_wconf 90' lang='lat' dir='ltr'><strong>di</strong></span> <span class='ocrx_word' id='word_1_157' title='bbox 1204 2048 1387 2130; x_wconf 73' lang='lat' dir='ltr'>settembre,</span> <span class='ocrx_word' id='word_1_158' title='bbox 1411 2049 1440 2115; x_wconf 92' lang='lat' dir='ltr'><strong>Ie</strong></span> <span class='ocrx_word' id='word_1_159' title='bbox 1461 2047 1542 2138; x_wconf 89' lang='lat' dir='ltr'><strong>quali</strong></span> <span class='ocrx_word' id='word_1_160' title='bbox 1566 2071 1634 2115; x_wconf 88' lang='lat' dir='ltr'><strong>non</strong></span> <span class='ocrx_word' id='word_1_161' title='bbox 1656 2061 1722 2114; x_wconf 89' lang='lat' dir='ltr'><strong>tro-</strong></span> 
     </span>
     <span class='ocr_line' id='line_1_17' title="bbox 352 2154 1723 2246; baseline -0.004 -20"><span class='ocrx_word' id='word_1_162' title='bbox 352 2159 503 2227; x_wconf 83' lang='lat' dir='ltr'><strong>vandomi</strong></span> <span class='ocrx_word' id='word_1_163' title='bbox 527 2161 559 2226; x_wconf 92' lang='lat' dir='ltr'><strong>in</strong></span> <span class='ocrx_word' id='word_1_164' title='bbox 583 2180 692 2246; x_wconf 87' lang='lat' dir='ltr'>tempo</span> <span class='ocrx_word' id='word_1_165' title='bbox 717 2182 783 2225; x_wconf 91' lang='lat' dir='ltr'><strong>non</strong></span> <span class='ocrx_word' id='word_1_166' title='bbox 807 2160 916 2225; x_wconf 88' lang='lat' dir='ltr'><strong>hanno</strong></span> <span class='ocrx_word' id='word_1_167' title='bbox 941 2157 1058 2225; x_wconf 83' lang='lat' dir='ltr'><strong>havuto</strong></span> <span class='ocrx_word' id='word_1_168' title='bbox 1082 2155 1219 2243; x_wconf 88' lang='lat' dir='ltr'><strong>bisogno</strong></span> <span class='ocrx_word' id='word_1_169' title='bbox 1244 2157 1328 2223; x_wconf 91' lang='lat' dir='ltr'><strong>ch’io</strong></span> <span class='ocrx_word' id='word_1_170' title='bbox 1351 2154 1446 2224; x_wconf 85' lang='lat' dir='ltr'><strong>faccia</strong></span> <span class='ocrx_word' id='word_1_171' title='bbox 1470 2177 1533 2222; x_wconf 89' lang='lat' dir='ltr'><strong>con</strong></span> <span class='ocrx_word' id='word_1_172' title='bbox 1556 2154 1584 2220; x_wconf 85' lang='lat' dir='ltr'><strong>la</strong></span> <span class='ocrx_word' id='word_1_173' title='bbox 1602 2155 1723 2221; x_wconf 77' lang='lat' dir='ltr'><strong>Maesti</strong></span> 
     </span>
     <span class='ocr_line' id='line_1_18' title="bbox 351 2260 1721 2368; baseline -0.005 -36"><span class='ocrx_word' id='word_1_174' title='bbox 351 2263 457 2333; x_wconf 84' lang='lat' dir='ltr'><strong>deire</strong></span> <span class='ocrx_word' id='word_1_175' title='bbox 482 2265 514 2333; x_wconf 93' lang='lat' dir='ltr'><strong>di</strong></span> <span class='ocrx_word' id='word_1_176' title='bbox 535 2265 734 2368; x_wconf 79' lang='lat' dir='ltr'><strong>Anghilterra</strong></span> <span class='ocrx_word' id='word_1_177' title='bbox 758 2263 863 2353; x_wconf 87' lang='lat' dir='ltr'><strong>quello</strong></span> <span class='ocrx_word' id='word_1_178' title='bbox 888 2262 995 2330; x_wconf 81' lang='lat' dir='ltr'><strong>officio</strong></span> <span class='ocrx_word' id='word_1_179' title='bbox 1019 2285 1074 2350; x_wconf 89' lang='lat' dir='ltr'><strong>per</strong></span> <span class='ocrx_word' id='word_1_180' title='bbox 1097 2261 1125 2329; x_wconf 88' lang='lat' dir='ltr'>le</span> <span class='ocrx_word' id='word_1_181' title='bbox 1151 2286 1225 2330; x_wconf 91' lang='lat' dir='ltr'><strong>cose</strong></span> <span class='ocrx_word' id='word_1_182' title='bbox 1249 2261 1280 2328; x_wconf 90' lang='lat' dir='ltr'><strong>di</strong></span> <span class='ocrx_word' id='word_1_183' title='bbox 1304 2261 1465 2350; x_wconf 85' lang='lat' dir='ltr'><strong>Hungaria</strong></span> <span class='ocrx_word' id='word_1_184' title='bbox 1488 2271 1519 2328; x_wconf 92' lang='lat' dir='ltr'>et</span> <span class='ocrx_word' id='word_1_185' title='bbox 1535 2260 1721 2347; x_wconf 74' lang='lat' dir='ltr'><strong>Alemogna,</strong></span> 
     </span>
     <span class='ocr_line' id='line_1_19' title="bbox 351 2367 1723 2456; baseline -0.005 -18"><span class='ocrx_word' id='word_1_186' title='bbox 351 2370 459 2439; x_wconf 82' lang='lat' dir='ltr'><strong>cir&#39;ella</strong></span> <span class='ocrx_word' id='word_1_187' title='bbox 483 2373 527 2438; x_wconf 90' lang='lat' dir='ltr'><strong>mi</strong></span> <span class='ocrx_word' id='word_1_188' title='bbox 552 2373 667 2438; x_wconf 84' lang='lat' dir='ltr'><strong>ricerca</strong></span> <span class='ocrx_word' id='word_1_189' title='bbox 695 2372 727 2437; x_wconf 89' lang='lat' dir='ltr'><strong>in</strong></span> <span class='ocrx_word' id='word_1_190' title='bbox 751 2395 820 2438; x_wconf 90' lang='lat' dir='ltr'><strong>esse</strong></span> <span class='ocrx_word' id='word_1_191' title='bbox 848 2370 973 2450; x_wconf 88' lang='lat' dir='ltr'>lettere,</span> <span class='ocrx_word' id='word_1_192' title='bbox 1002 2369 1124 2437; x_wconf 71' lang='lat' dir='ltr'>benche</span> <span class='ocrx_word' id='word_1_193' title='bbox 1149 2369 1239 2436; x_wconf 84' lang='lat' dir='ltr'><strong>nanzi</strong></span> <span class='ocrx_word' id='word_1_194' title='bbox 1263 2367 1290 2434; x_wconf 83' lang='lat' dir='ltr'><strong>al</strong></span> <span class='ocrx_word' id='word_1_195' title='bbox 1314 2369 1427 2456; x_wconf 81' lang='lat' dir='ltr'><strong>partire</strong></span> <span class='ocrx_word' id='word_1_196' title='bbox 1452 2367 1519 2433; x_wconf 90' lang='lat' dir='ltr'><strong>mio</strong></span> <span class='ocrx_word' id='word_1_197' title='bbox 1543 2389 1611 2434; x_wconf 89' lang='lat' dir='ltr'><strong>non</strong></span> <span class='ocrx_word' id='word_1_198' title='bbox 1635 2389 1723 2432; x_wconf 83' lang='lat' dir='ltr'><strong>man-</strong></span> 
     </span>
     <span class='ocr_line' id='line_1_20' title="bbox 351 2471 1722 2566; baseline -0.006 -22"><span class='ocrx_word' id='word_1_199' title='bbox 351 2479 429 2544; x_wconf 82' lang='lat' dir='ltr'><strong>cassi</strong></span> <span class='ocrx_word' id='word_1_200' title='bbox 458 2477 488 2545; x_wconf 93' lang='lat' dir='ltr'><strong>di</strong></span> <span class='ocrx_word' id='word_1_201' title='bbox 519 2476 581 2544; x_wconf 84' lang='lat' dir='ltr'><strong>fare</strong></span> <span class='ocrx_word' id='word_1_202' title='bbox 610 2479 681 2544; x_wconf 86' lang='lat' dir='ltr'>tutti</span> <span class='ocrx_word' id='word_1_203' title='bbox 711 2477 803 2566; x_wconf 84' lang='lat' dir='ltr'><strong>quelli</strong></span> <span class='ocrx_word' id='word_1_204' title='bbox 832 2475 964 2558; x_wconf 85' lang='lat' dir='ltr'><strong>ricordi,</strong></span> <span class='ocrx_word' id='word_1_205' title='bbox 993 2478 1051 2543; x_wconf 88' lang='lat' dir='ltr'>che</span> <span class='ocrx_word' id='word_1_206' title='bbox 1083 2479 1127 2543; x_wconf 90' lang='lat' dir='ltr'><strong>mi</strong></span> <span class='ocrx_word' id='word_1_207' title='bbox 1155 2477 1243 2564; x_wconf 90' lang='lat' dir='ltr'><strong>seppi</strong></span> <span class='ocrx_word' id='word_1_208' title='bbox 1273 2476 1425 2562; x_wconf 84' lang='lat' dir='ltr'><strong>imaginar</strong></span> <span class='ocrx_word' id='word_1_209' title='bbox 1453 2471 1619 2540; x_wconf 87' lang='lat' dir='ltr'><strong>commodi</strong></span> <span class='ocrx_word' id='word_1_210' title='bbox 1641 2495 1658 2537; x_wconf 92' lang='lat' dir='ltr'>a</span> <span class='ocrx_word' id='word_1_211' title='bbox 1680 2471 1722 2539; x_wconf 78' lang='lat' dir='ltr'><strong>tal</strong></span> 
     </span>
     <span class='ocr_line' id='line_1_21' title="bbox 351 2579 1721 2672; baseline -0.005 -21"><span class='ocrx_word' id='word_1_212' title='bbox 351 2585 532 2672; x_wconf 89' lang='lat' dir='ltr'><strong>proposito;</strong></span> <span class='ocrx_word' id='word_1_213' title='bbox 566 2596 596 2650; x_wconf 88' lang='lat' dir='ltr'>et</span> <span class='ocrx_word' id='word_1_214' title='bbox 620 2583 735 2672; x_wconf 78' lang='lat' dir='ltr'>perche</span> <span class='ocrx_word' id='word_1_215' title='bbox 758 2583 789 2650; x_wconf 90' lang='lat' dir='ltr'><strong>di</strong></span> <span class='ocrx_word' id='word_1_216' title='bbox 813 2583 914 2672; x_wconf 88' lang='lat' dir='ltr'>quelle</span> <span class='ocrx_word' id='word_1_217' title='bbox 939 2607 1013 2650; x_wconf 86' lang='lat' dir='ltr'><strong>cose</strong></span> <span class='ocrx_word' id='word_1_218' title='bbox 1037 2606 1089 2650; x_wconf 80' lang='lat' dir='ltr'><strong>ern</strong></span> <span class='ocrx_word' id='word_1_219' title='bbox 1111 2583 1182 2649; x_wconf 87' lang='lat' dir='ltr'><strong>sino</strong></span> <span class='ocrx_word' id='word_1_220' title='bbox 1207 2581 1255 2648; x_wconf 86' lang='lat' dir='ltr'><strong>ail’</strong></span> <span class='ocrx_word' id='word_1_221' title='bbox 1280 2581 1357 2648; x_wconf 86' lang='lat' dir='ltr'><strong>hora</strong></span> <span class='ocrx_word' id='word_1_222' title='bbox 1380 2603 1458 2668; x_wconf 83' lang='lat' dir='ltr'><strong>gran</strong></span> <span class='ocrx_word' id='word_1_223' title='bbox 1481 2601 1621 2660; x_wconf 88' lang='lat' dir='ltr'><strong>rumore,</strong></span> <span class='ocrx_word' id='word_1_224' title='bbox 1645 2579 1721 2665; x_wconf 80' lang='lat' dir='ltr'><strong>pero</strong></span> 
     </span>
     <span class='ocr_line' id='line_1_22' title="bbox 349 2684 1721 2778; baseline -0.004 -22"><span class='ocrx_word' id='word_1_225' title='bbox 349 2693 380 2756; x_wconf 92' lang='lat' dir='ltr'><strong>in</strong></span> <span class='ocrx_word' id='word_1_226' title='bbox 399 2691 586 2777; x_wconf 82' lang='lat' dir='ltr'><strong>compagnia</strong></span> <span class='ocrx_word' id='word_1_227' title='bbox 609 2691 653 2756; x_wconf 86' lang='lat' dir='ltr'><strong>mi</strong></span> <span class='ocrx_word' id='word_1_228' title='bbox 670 2693 763 2778; x_wconf 80' lang='lat' dir='ltr'><strong>passi)</strong></span> <span class='ocrx_word' id='word_1_229' title='bbox 786 2689 806 2756; x_wconf 90' lang='lat' dir='ltr'><strong>il</strong></span> <span class='ocrx_word' id='word_1_230' title='bbox 823 2713 909 2756; x_wconf 85' lang='lat' dir='ltr'>mare</span> <span class='ocrx_word' id='word_1_231' title='bbox 934 2713 977 2756; x_wconf 90' lang='lat' dir='ltr'><strong>un</strong></span> <span class='ocrx_word' id='word_1_232' title='bbox 995 2689 1219 2776; x_wconf 84' lang='lat' dir='ltr'><strong>gentilhuomo</strong></span> <span class='ocrx_word' id='word_1_233' title='bbox 1244 2687 1274 2754; x_wconf 92' lang='lat' dir='ltr'><strong>di</strong></span> <span class='ocrx_word' id='word_1_234' title='bbox 1291 2688 1353 2754; x_wconf 81' lang='lat' dir='ltr'><strong>Sua</strong></span> <span class='ocrx_word' id='word_1_235' title='bbox 1370 2688 1502 2767; x_wconf 70' lang='lat' dir='ltr'><strong>Maesti,</strong></span> <span class='ocrx_word' id='word_1_236' title='bbox 1527 2686 1585 2752; x_wconf 86' lang='lat' dir='ltr'>che</span> <span class='ocrx_word' id='word_1_237' title='bbox 1602 2684 1721 2752; x_wconf 82' lang='lat' dir='ltr'><strong>andava</strong></span> 
     </span>
     <span class='ocr_line' id='line_1_23' title="bbox 323 2793 1722 2884; baseline -0.001 -22"><span class='ocrx_word' id='word_1_238' title='bbox 323 2795 377 2874; x_wconf 69' lang='lat' dir='ltr'><strong>¹al</strong></span> <span class='ocrx_word' id='word_1_239' title='bbox 408 2819 441 2862; x_wconf 87' lang='lat' dir='ltr'><strong>re</strong></span> <span class='ocrx_word' id='word_1_240' title='bbox 469 2794 680 2877; x_wconf 82' lang='lat' dir='ltr'><strong>Ferdinando,</strong></span> <span class='ocrx_word' id='word_1_241' title='bbox 709 2795 804 2864; x_wconf 85' lang='lat' dir='ltr'><strong>credo</strong></span> <span class='ocrx_word' id='word_1_242' title='bbox 835 2819 889 2884; x_wconf 88' lang='lat' dir='ltr'><strong>per</strong></span> <span class='ocrx_word' id='word_1_243' title='bbox 917 2796 958 2862; x_wconf 82' lang='lat' dir='ltr'><strong>tal</strong></span> <span class='ocrx_word' id='word_1_244' title='bbox 987 2807 1096 2877; x_wconf 87' lang='lat' dir='ltr'><strong>cont0,</strong></span> <span class='ocrx_word' id='word_1_245' title='bbox 1127 2794 1242 2882; x_wconf 73' lang='lat' dir='ltr'>perche</span> <span class='ocrx_word' id='word_1_246' title='bbox 1269 2794 1300 2860; x_wconf 87' lang='lat' dir='ltr'><strong>S&#39;.</strong></span> <span class='ocrx_word' id='word_1_247' title='bbox 1325 2795 1370 2860; x_wconf 88' lang='lat' dir='ltr'><strong>M.</strong></span> <span class='ocrx_word' id='word_1_248' title='bbox 1396 2798 1413 2860; x_wconf 75' lang='lat' dir='ltr'>e</span> <span class='ocrx_word' id='word_1_249' title='bbox 1441 2793 1543 2860; x_wconf 89' lang='lat' dir='ltr'><strong>molto</strong></span> <span class='ocrx_word' id='word_1_250' title='bbox 1572 2793 1722 2880; x_wconf 82' lang='lat' dir='ltr'><strong>disposta,</strong></span> 
     </span>
     <span class='ocr_line' id='line_1_24' title="bbox 351 2897 1722 2990; baseline -0.003 -22"><span class='ocrx_word' id='word_1_251' title='bbox 351 2914 470 2990; x_wconf 86' lang='lat' dir='ltr'><strong>quanto</strong></span> <span class='ocrx_word' id='word_1_252' title='bbox 494 2914 595 2990; x_wconf 83' lang='lat' dir='ltr'>spetta</span> <span class='ocrx_word' id='word_1_253' title='bbox 617 2925 635 2968; x_wconf 83' lang='lat' dir='ltr'>a</span> <span class='ocrx_word' id='word_1_254' title='bbox 657 2901 712 2983; x_wconf 87' lang='lat' dir='ltr'><strong>lei,</strong></span> <span class='ocrx_word' id='word_1_255' title='bbox 741 2925 908 2969; x_wconf 82' lang='lat' dir='ltr'><strong>occorrere</strong></span> <span class='ocrx_word' id='word_1_256' title='bbox 933 2913 964 2969; x_wconf 90' lang='lat' dir='ltr'>et</span> <span class='ocrx_word' id='word_1_257' title='bbox 987 2899 1065 2983; x_wconf 81' lang='lat' dir='ltr'><strong>fare,</strong></span> <span class='ocrx_word' id='word_1_258' title='bbox 1095 2902 1153 2969; x_wconf 81' lang='lat' dir='ltr'><strong>cire</strong></span> <span class='ocrx_word' id='word_1_259' title='bbox 1177 2903 1201 2967; x_wconf 92' lang='lat' dir='ltr'><strong>si</strong></span> <span class='ocrx_word' id='word_1_260' title='bbox 1231 2899 1370 2988; x_wconf 83' lang='lat' dir='ltr'><strong>proveda</strong></span> <span class='ocrx_word' id='word_1_261' title='bbox 1394 2923 1411 2966; x_wconf 85' lang='lat' dir='ltr'>a</span> <span class='ocrx_word' id='word_1_262' title='bbox 1433 2899 1538 2990; x_wconf 92' lang='lat' dir='ltr'><strong>quello</strong></span> <span class='ocrx_word' id='word_1_263' title='bbox 1563 2897 1722 2966; x_wconf 81' lang='lat' dir='ltr'><strong>incendio</strong></span> 
     </span>
     <span class='ocr_line' id='line_1_25' title="bbox 352 3003 1723 3096; baseline -0.003 -22"><span class='ocrx_word' id='word_1_264' title='bbox 352 3006 446 3075; x_wconf 91' lang='lat' dir='ltr'>Unde</span> <span class='ocrx_word' id='word_1_265' title='bbox 471 3009 502 3074; x_wconf 91' lang='lat' dir='ltr'><strong>io</strong></span> <span class='ocrx_word' id='word_1_266' title='bbox 527 3031 594 3074; x_wconf 91' lang='lat' dir='ltr'><strong>non</strong></span> <span class='ocrx_word' id='word_1_267' title='bbox 624 3007 666 3074; x_wconf 81' lang='lat' dir='ltr'><strong>Iro</strong></span> <span class='ocrx_word' id='word_1_268' title='bbox 690 3007 827 3096; x_wconf 87' lang='lat' dir='ltr'><strong>bisogno</strong></span> <span class='ocrx_word' id='word_1_269' title='bbox 852 3006 1036 3096; x_wconf 84' lang='lat' dir='ltr'><strong>rispondere</strong></span> <span class='ocrx_word' id='word_1_270' title='bbox 1065 3007 1250 3074; x_wconf 81' lang='lat' dir='ltr'>altrnmente</span> <span class='ocrx_word' id='word_1_271' title='bbox 1274 3005 1331 3073; x_wconf 83' lang='lat' dir='ltr'>alle</span> <span class='ocrx_word' id='word_1_272' title='bbox 1355 3005 1441 3074; x_wconf 88' lang='lat' dir='ltr'>detre</span> <span class='ocrx_word' id='word_1_273' title='bbox 1473 3029 1529 3072; x_wconf 90' lang='lat' dir='ltr'><strong>sue</strong></span> <span class='ocrx_word' id='word_1_274' title='bbox 1554 3003 1593 3071; x_wconf 88' lang='lat' dir='ltr'><strong>de</strong></span> <span class='ocrx_word' id='word_1_275' title='bbox 1616 3005 1723 3072; x_wconf 94' lang='lat' dir='ltr'>XXV.</span> 
     </span>
    </p>

    <p class='ocr_par' dir='ltr' id='par_1_7' title="bbox 353 3111 1724 4476">
     <span class='ocr_line' id='line_1_26' title="bbox 459 3111 1723 3202; baseline -0.003 -22"><span class='ocrx_word' id='word_1_276' title='bbox 459 3115 605 3182; x_wconf 82' lang='lat' dir='ltr'><strong>Hiersera</strong></span> <span class='ocrx_word' id='word_1_277' title='bbox 628 3115 733 3201; x_wconf 84' lang='lat' dir='ltr'><strong>gionsi</strong></span> <span class='ocrx_word' id='word_1_278' title='bbox 762 3115 794 3180; x_wconf 91' lang='lat' dir='ltr'><strong>in</strong></span> <span class='ocrx_word' id='word_1_279' title='bbox 819 3115 935 3202; x_wconf 84' lang='lat' dir='ltr'><strong>Parigi,</strong></span> <span class='ocrx_word' id='word_1_280' title='bbox 965 3113 1048 3181; x_wconf 89' lang='lat' dir='ltr'><strong>dove</strong></span> <span class='ocrx_word' id='word_1_281' title='bbox 1077 3137 1142 3180; x_wconf 86' lang='lat' dir='ltr'><strong>non</strong></span> <span class='ocrx_word' id='word_1_282' title='bbox 1168 3137 1218 3180; x_wconf 82' lang='lat' dir='ltr'><strong>era</strong></span> <span class='ocrx_word' id='word_1_283' title='bbox 1248 3113 1267 3178; x_wconf 87' lang='lat' dir='ltr'><strong>il</strong></span> <span class='ocrx_word' id='word_1_284' title='bbox 1291 3136 1325 3180; x_wconf 88' lang='lat' dir='ltr'><strong>re</strong></span> <span class='ocrx_word' id='word_1_285' title='bbox 1357 3117 1397 3178; x_wconf 73' lang='lat' dir='ltr'><strong>nt:</strong></span> <span class='ocrx_word' id='word_1_286' title='bbox 1420 3135 1476 3200; x_wconf 90' lang='lat' dir='ltr'><strong>per</strong></span> <span class='ocrx_word' id='word_1_287' title='bbox 1499 3135 1615 3178; x_wconf 86' lang='lat' dir='ltr'><strong>ancora</strong></span> <span class='ocrx_word' id='word_1_288' title='bbox 1644 3111 1670 3177; x_wconf 85' lang='lat' dir='ltr'><strong>ci</strong></span> <span class='ocrx_word' id='word_1_289' title='bbox 1695 3115 1723 3190; x_wconf 74' lang='grc' dir='ltr'><strong>ὲ,</strong></span> 
     </span>
     <span class='ocr_line' id='line_1_27' title="bbox 354 3217 1723 3308; baseline -0.003 -22"><span class='ocrx_word' id='word_1_290' title='bbox 354 3220 476 3287; x_wconf 71' lang='lat' dir='ltr'><strong>benclre</strong></span> <span class='ocrx_word' id='word_1_291' title='bbox 503 3221 527 3286; x_wconf 90' lang='lat' dir='ltr'><strong>si</strong></span> <span class='ocrx_word' id='word_1_292' title='bbox 553 3221 664 3308; x_wconf 85' lang='lat' dir='ltr'><strong>nspetti</strong></span> <span class='ocrx_word' id='word_1_293' title='bbox 693 3221 723 3288; x_wconf 91' lang='lat' dir='ltr'><strong>di</strong></span> <span class='ocrx_word' id='word_1_294' title='bbox 747 3223 864 3308; x_wconf 80' lang='lat' dir='ltr'><strong>giorno</strong></span> <span class='ocrx_word' id='word_1_295' title='bbox 893 3222 924 3286; x_wconf 88' lang='lat' dir='ltr'><strong>in</strong></span> <span class='ocrx_word' id='word_1_296' title='bbox 948 3222 1075 3307; x_wconf 84' lang='lat' dir='ltr'><strong>giorno,</strong></span> <span class='ocrx_word' id='word_1_297' title='bbox 1105 3238 1136 3286; x_wconf 90' lang='lat' dir='ltr'>et</span> <span class='ocrx_word' id='word_1_298' title='bbox 1160 3218 1299 3288; x_wconf 87' lang='lat' dir='ltr'><strong>volendo</strong></span> <span class='ocrx_word' id='word_1_299' title='bbox 1327 3217 1372 3285; x_wconf 82' lang='lat' dir='ltr'><strong>far</strong></span> <span class='ocrx_word' id='word_1_300' title='bbox 1399 3219 1559 3286; x_wconf 83' lang='lat' dir='ltr'><strong>riverenza</strong></span> <span class='ocrx_word' id='word_1_301' title='bbox 1583 3241 1600 3283; x_wconf 86' lang='lat' dir='ltr'>a</span> <span class='ocrx_word' id='word_1_302' title='bbox 1624 3219 1654 3283; x_wconf 91' lang='lat' dir='ltr'><strong>S.</strong></span> <span class='ocrx_word' id='word_1_303' title='bbox 1679 3217 1723 3282; x_wconf 88' lang='lat' dir='ltr'><strong>M.</strong></span> 
     </span>
     <span class='ocr_line' id='line_1_28' title="bbox 354 3323 1724 3415; baseline -0.002 -23"><span class='ocrx_word' id='word_1_304' title='bbox 354 3338 385 3392; x_wconf 87' lang='lat' dir='ltr'>et</span> <span class='ocrx_word' id='word_1_305' title='bbox 409 3349 469 3392; x_wconf 83' lang='lat' dir='ltr'><strong>con</strong></span> <span class='ocrx_word' id='word_1_306' title='bbox 495 3327 532 3393; x_wconf 92' lang='lat' dir='ltr'><strong>lei</strong></span> <span class='ocrx_word' id='word_1_307' title='bbox 562 3327 667 3413; x_wconf 85' lang='lat' dir='ltr'><strong>seguir</strong></span> <span class='ocrx_word' id='word_1_308' title='bbox 691 3338 809 3415; x_wconf 83' lang='lat' dir='ltr'><strong>quanto</strong></span> <span class='ocrx_word' id='word_1_309' title='bbox 838 3327 864 3393; x_wconf 76' lang='lat' dir='ltr'><strong>ln</strong></span> <span class='ocrx_word' id='word_1_310' title='bbox 889 3328 933 3392; x_wconf 87' lang='lat' dir='ltr'><strong>mi</strong></span> <span class='ocrx_word' id='word_1_311' title='bbox 962 3337 1136 3393; x_wconf 89' lang='lat' dir='ltr'>commette</span> <span class='ocrx_word' id='word_1_312' title='bbox 1161 3327 1191 3391; x_wconf 91' lang='lat' dir='ltr'><strong>in</strong></span> <span class='ocrx_word' id='word_1_313' title='bbox 1217 3347 1314 3392; x_wconf 89' lang='lat' dir='ltr'><strong>nome</strong></span> <span class='ocrx_word' id='word_1_314' title='bbox 1339 3323 1369 3391; x_wconf 94' lang='lat' dir='ltr'><strong>di</strong></span> <span class='ocrx_word' id='word_1_315' title='bbox 1393 3325 1434 3393; x_wconf 90' lang='lat' dir='ltr'><strong>N.</strong></span> <span class='ocrx_word' id='word_1_316' title='bbox 1460 3325 1611 3412; x_wconf 84' lang='lat' dir='ltr'><strong>Signore,</strong></span> <span class='ocrx_word' id='word_1_317' title='bbox 1640 3325 1683 3389; x_wconf 92' lang='lat' dir='ltr'><strong>mi</strong></span> <span class='ocrx_word' id='word_1_318' title='bbox 1707 3327 1724 3389; x_wconf 76' lang='grc' dir='ltr'><strong>ὲ</strong></span> 
     </span>
     <span class='ocr_line' id='line_1_29' title="bbox 354 3431 1724 3523; baseline 0 -25"><span class='ocrx_word' id='word_1_319' title='bbox 354 3431 442 3499; x_wconf 85' lang='lat' dir='ltr'><strong>Iorzo</strong></span> <span class='ocrx_word' id='word_1_320' title='bbox 471 3432 634 3520; x_wconf 86' lang='lat' dir='ltr'><strong>indugiare</strong></span> <span class='ocrx_word' id='word_1_321' title='bbox 662 3445 709 3500; x_wconf 89' lang='lat' dir='ltr'><strong>tre</strong></span> <span class='ocrx_word' id='word_1_322' title='bbox 733 3457 753 3499; x_wconf 91' lang='lat' dir='ltr'><strong>o</strong></span> <span class='ocrx_word' id='word_1_323' title='bbox 778 3445 902 3523; x_wconf 84' lang='lat' dir='ltr'><strong>quattro</strong></span> <span class='ocrx_word' id='word_1_324' title='bbox 932 3434 1051 3520; x_wconf 87' lang='lat' dir='ltr'><strong>giomi,</strong></span> <span class='ocrx_word' id='word_1_325' title='bbox 1081 3445 1112 3499; x_wconf 88' lang='lat' dir='ltr'>et</span> <span class='ocrx_word' id='word_1_326' title='bbox 1140 3433 1386 3499; x_wconf 83' lang='lat' dir='ltr'>maximamente</span> <span class='ocrx_word' id='word_1_327' title='bbox 1415 3432 1473 3498; x_wconf 84' lang='lat' dir='ltr'>che</span> <span class='ocrx_word' id='word_1_328' title='bbox 1502 3432 1530 3498; x_wconf 94' lang='lat' dir='ltr'>le</span> <span class='ocrx_word' id='word_1_329' title='bbox 1557 3431 1666 3518; x_wconf 84' lang='lat' dir='ltr'><strong>bagaie</strong></span> <span class='ocrx_word' id='word_1_330' title='bbox 1695 3443 1724 3498; x_wconf 89' lang='lat' dir='ltr'>et</span> 
     </span>
     <span class='ocr_line' id='line_1_30' title="bbox 353 3537 1723 3626; baseline 0 -22"><span class='ocrx_word' id='word_1_331' title='bbox 353 3537 595 3625; x_wconf 89' lang='lat' dir='ltr'><strong>I&#39;impedimenti</strong></span> <span class='ocrx_word' id='word_1_332' title='bbox 624 3540 708 3606; x_wconf 82' lang='lat' dir='ltr'><strong>cir’io</strong></span> <span class='ocrx_word' id='word_1_333' title='bbox 733 3539 892 3620; x_wconf 80' lang='lat' dir='ltr'><strong>conduco,</strong></span> <span class='ocrx_word' id='word_1_334' title='bbox 921 3563 960 3606; x_wconf 89' lang='lat' dir='ltr'><strong>ne</strong></span> <span class='ocrx_word' id='word_1_335' title='bbox 986 3539 1092 3606; x_wconf 85' lang='lat' dir='ltr'><strong>hanno</strong></span> <span class='ocrx_word' id='word_1_336' title='bbox 1121 3538 1268 3626; x_wconf 85' lang='lat' dir='ltr'><strong>bisogno.</strong></span> <span class='ocrx_word' id='word_1_337' title='bbox 1315 3539 1424 3625; x_wconf 88' lang='lat' dir='ltr'><strong>Hoggi</strong></span> <span class='ocrx_word' id='word_1_338' title='bbox 1454 3538 1496 3604; x_wconf 89' lang='lat' dir='ltr'><strong>ho</strong></span> <span class='ocrx_word' id='word_1_339' title='bbox 1525 3539 1579 3626; x_wconf 89' lang='lat' dir='ltr'><strong>poi</strong></span> <span class='ocrx_word' id='word_1_340' title='bbox 1608 3538 1723 3604; x_wconf 87' lang='lat' dir='ltr'>havuto</span> 
     </span>
     <span class='ocr_line' id='line_1_31' title="bbox 355 3641 1723 3732; baseline -0.002 -21"><span class='ocrx_word' id='word_1_341' title='bbox 355 3645 408 3732; x_wconf 90' lang='lat' dir='ltr'><strong>qui</strong></span> <span class='ocrx_word' id='word_1_342' title='bbox 431 3644 529 3712; x_wconf 84' lang='lat' dir='ltr'>l&#39;altre</span> <span class='ocrx_word' id='word_1_343' title='bbox 552 3669 608 3712; x_wconf 87' lang='lat' dir='ltr'><strong>sue</strong></span> <span class='ocrx_word' id='word_1_344' title='bbox 633 3645 672 3712; x_wconf 91' lang='lat' dir='ltr'><strong>de</strong></span> <span class='ocrx_word' id='word_1_345' title='bbox 689 3646 781 3712; x_wconf 93' lang='lat' dir='ltr'><strong>XVII</strong></span> <span class='ocrx_word' id='word_1_346' title='bbox 805 3645 844 3714; x_wconf 90' lang='lat' dir='ltr'><strong>de</strong></span> <span class='ocrx_word' id='word_1_347' title='bbox 867 3665 980 3732; x_wconf 75' lang='lat' dir='ltr'><strong>agosto</strong></span> <span class='ocrx_word' id='word_1_348' title='bbox 1005 3656 1036 3712; x_wconf 89' lang='lat' dir='ltr'>et</span> <span class='ocrx_word' id='word_1_349' title='bbox 1060 3644 1098 3711; x_wconf 87' lang='lat' dir='ltr'><strong>de</strong></span> <span class='ocrx_word' id='word_1_350' title='bbox 1122 3644 1165 3711; x_wconf 95' lang='lat' dir='ltr'><strong>III</strong></span> <span class='ocrx_word' id='word_1_351' title='bbox 1189 3644 1228 3711; x_wconf 90' lang='lat' dir='ltr'><strong>de</strong></span> <span class='ocrx_word' id='word_1_352' title='bbox 1251 3643 1422 3712; x_wconf 84' lang='lat' dir='ltr'>settembre</span> <span class='ocrx_word' id='word_1_353' title='bbox 1447 3667 1509 3711; x_wconf 81' lang='lat' dir='ltr'><strong>con</strong></span> <span class='ocrx_word' id='word_1_354' title='bbox 1532 3642 1554 3709; x_wconf 93' lang='lat' dir='ltr'><strong>li</strong></span> <span class='ocrx_word' id='word_1_355' title='bbox 1577 3643 1664 3710; x_wconf 89' lang='lat' dir='ltr'><strong>brevi</strong></span> <span class='ocrx_word' id='word_1_356' title='bbox 1686 3641 1723 3710; x_wconf 90' lang='lat' dir='ltr'><strong>de</strong></span> 
     </span>
     <span class='ocr_line' id='line_1_32' title="bbox 356 3747 1723 3840; baseline -0.001 -26"><span class='ocrx_word' id='word_1_357' title='bbox 356 3748 604 3817; x_wconf 81' lang='lat' dir='ltr'><strong>inrevocatione</strong></span> <span class='ocrx_word' id='word_1_358' title='bbox 629 3754 701 3832; x_wconf 85' lang='lat' dir='ltr'><strong>mia,</strong></span> <span class='ocrx_word' id='word_1_359' title='bbox 726 3751 754 3818; x_wconf 92' lang='lat' dir='ltr'>le</span> <span class='ocrx_word' id='word_1_360' title='bbox 771 3751 852 3840; x_wconf 86' lang='lat' dir='ltr'><strong>quali</strong></span> <span class='ocrx_word' id='word_1_361' title='bbox 877 3751 982 3818; x_wconf 83' lang='lat' dir='ltr'><strong>hanno</strong></span> <span class='ocrx_word' id='word_1_362' title='bbox 1000 3750 1157 3818; x_wconf 82' lang='lat' dir='ltr'>cavalcato</span> <span class='ocrx_word' id='word_1_363' title='bbox 1182 3749 1208 3816; x_wconf 85' lang='lat' dir='ltr'><strong>la</strong></span> <span class='ocrx_word' id='word_1_364' title='bbox 1225 3753 1272 3816; x_wconf 86' lang='lat' dir='ltr'><strong>vin</strong></span> <span class='ocrx_word' id='word_1_365' title='bbox 1297 3749 1336 3816; x_wconf 93' lang='lat' dir='ltr'><strong>de</strong></span> <span class='ocrx_word' id='word_1_366' title='bbox 1352 3751 1406 3839; x_wconf 92' lang='lat' dir='ltr'><strong>qui</strong></span> <span class='ocrx_word' id='word_1_367' title='bbox 1429 3751 1461 3816; x_wconf 91' lang='lat' dir='ltr'><strong>in</strong></span> <span class='ocrx_word' id='word_1_368' title='bbox 1477 3750 1609 3816; x_wconf 84' lang='lat' dir='ltr'><strong>Fiandra</strong></span> <span class='ocrx_word' id='word_1_369' title='bbox 1634 3761 1664 3816; x_wconf 89' lang='lat' dir='ltr'>et</span> <span class='ocrx_word' id='word_1_370' title='bbox 1687 3747 1723 3814; x_wconf 87' lang='lat' dir='ltr'><strong>dc</strong></span> 
     </span>
     <span class='ocr_line' id='line_1_33' title="bbox 355 3853 1724 3945; baseline 0.001 -26"><span class='ocrx_word' id='word_1_371' title='bbox 355 3853 487 3921; x_wconf 84' lang='lat' dir='ltr'><strong>Fiandra</strong></span> <span class='ocrx_word' id='word_1_372' title='bbox 511 3859 563 3943; x_wconf 90' lang='lat' dir='ltr'><strong>qui</strong></span> <span class='ocrx_word' id='word_1_373' title='bbox 588 3870 619 3923; x_wconf 92' lang='lat' dir='ltr'>et</span> <span class='ocrx_word' id='word_1_374' title='bbox 634 3859 809 3945; x_wconf 86' lang='lat' dir='ltr'><strong>reposatosi</strong></span> <span class='ocrx_word' id='word_1_375' title='bbox 833 3880 875 3924; x_wconf 87' lang='lat' dir='ltr'><strong>un</strong></span> <span class='ocrx_word' id='word_1_376' title='bbox 899 3880 1006 3945; x_wconf 79' lang='lat' dir='ltr'><strong>pezzO,</strong></span> <span class='ocrx_word' id='word_1_377' title='bbox 1030 3856 1087 3924; x_wconf 83' lang='lat' dir='ltr'>alle</span> <span class='ocrx_word' id='word_1_378' title='bbox 1108 3856 1189 3945; x_wconf 88' lang='lat' dir='ltr'><strong>quali</strong></span> <span class='ocrx_word' id='word_1_379' title='bbox 1212 3855 1368 3943; x_wconf 85' lang='lat' dir='ltr'><strong>piacendo</strong></span> <span class='ocrx_word' id='word_1_380' title='bbox 1384 3879 1401 3921; x_wconf 85' lang='lat' dir='ltr'>a</span> <span class='ocrx_word' id='word_1_381' title='bbox 1418 3856 1481 3922; x_wconf 91' lang='lat' dir='ltr'><strong>Dio</strong></span> <span class='ocrx_word' id='word_1_382' title='bbox 1506 3854 1574 3922; x_wconf 79' lang='lat' dir='ltr'><strong>faro</strong></span> <span class='ocrx_word' id='word_1_383' title='bbox 1593 3857 1724 3943; x_wconf 83' lang='lat' dir='ltr'><strong>risposta</strong></span> 
     </span>
     <span class='ocr_line' id='line_1_34' title="bbox 356 3958 1724 4049; baseline 0.001 -24"><span class='ocrx_word' id='word_1_384' title='bbox 356 3983 373 4025; x_wconf 86' lang='lat' dir='ltr'>a</span> <span class='ocrx_word' id='word_1_385' title='bbox 396 3958 504 4027; x_wconf 86' lang='lat' dir='ltr'><strong>bocca.</strong></span> <span class='ocrx_word' id='word_1_386' title='bbox 551 3961 586 4027; x_wconf 91' lang='lat' dir='ltr'><strong>Li</strong></span> <span class='ocrx_word' id='word_1_387' title='bbox 611 3964 717 4029; x_wconf 89' lang='lat' dir='ltr'><strong>noncii</strong></span> <span class='ocrx_word' id='word_1_388' title='bbox 742 3962 773 4029; x_wconf 91' lang='lat' dir='ltr'><strong>di</strong></span> <span class='ocrx_word' id='word_1_389' title='bbox 796 3963 858 4030; x_wconf 87' lang='lat' dir='ltr'><strong>Sua</strong></span> <span class='ocrx_word' id='word_1_390' title='bbox 874 3965 993 4031; x_wconf 77' lang='lat' dir='ltr'><strong>Santiti</strong></span> <span class='ocrx_word' id='word_1_391' title='bbox 1016 3986 1083 4030; x_wconf 89' lang='lat' dir='ltr'><strong>non</strong></span> <span class='ocrx_word' id='word_1_392' title='bbox 1104 3986 1190 4036; x_wconf 92' lang='lat' dir='ltr'><strong>sono</strong></span> <span class='ocrx_word' id='word_1_393' title='bbox 1214 3985 1311 4029; x_wconf 84' lang='lat' dir='ltr'><strong>ancor</strong></span> <span class='ocrx_word' id='word_1_394' title='bbox 1335 3962 1406 4030; x_wconf 83' lang='lat' dir='ltr'><strong>stati</strong></span> <span class='ocrx_word' id='word_1_395' title='bbox 1429 3985 1522 4029; x_wconf 85' lang='lat' dir='ltr'>meco</span> <span class='ocrx_word' id='word_1_396' title='bbox 1547 3985 1563 4028; x_wconf 85' lang='lat' dir='ltr'>a</span> <span class='ocrx_word' id='word_1_397' title='bbox 1584 3964 1724 4049; x_wconf 60' lang='lat' dir='ltr'><strong>ragiona⁸</strong></span> 
     </span>
     <span class='ocr_line' id='line_1_35' title="bbox 358 4067 1723 4157; baseline 0.001 -26"><span class='ocrx_word' id='word_1_398' title='bbox 358 4085 469 4134; x_wconf 90' lang='lat' dir='ltr'>mento</span> <span class='ocrx_word' id='word_1_399' title='bbox 476 4093 484 4149; x_wconf 91' lang='lat'>;</span> <span class='ocrx_word' id='word_1_400' title='bbox 518 4091 580 4134; x_wconf 84' lang='lat' dir='ltr'><strong>con</strong></span> <span class='ocrx_word' id='word_1_401' title='bbox 598 4069 657 4135; x_wconf 87' lang='lat' dir='ltr'><strong>essi</strong></span> <span class='ocrx_word' id='word_1_402' title='bbox 680 4067 746 4135; x_wconf 76' lang='lat' dir='ltr'><strong>faro</strong></span> <span class='ocrx_word' id='word_1_403' title='bbox 764 4069 856 4157; x_wconf 89' lang='lat' dir='ltr'><strong>quelli</strong></span> <span class='ocrx_word' id='word_1_404' title='bbox 880 4069 986 4151; x_wconf 84' lang='lat' dir='ltr'><strong>officii,</strong></span> <span class='ocrx_word' id='word_1_405' title='bbox 1011 4070 1068 4136; x_wconf 90' lang='lat' dir='ltr'>che</span> <span class='ocrx_word' id='word_1_406' title='bbox 1085 4071 1129 4135; x_wconf 92' lang='lat' dir='ltr'><strong>mi</strong></span> <span class='ocrx_word' id='word_1_407' title='bbox 1153 4091 1293 4157; x_wconf 84' lang='lat' dir='ltr'><strong>paranno</strong></span> <span class='ocrx_word' id='word_1_408' title='bbox 1311 4067 1477 4136; x_wconf 89' lang='lat' dir='ltr'><strong>commodi</strong></span> <span class='ocrx_word' id='word_1_409' title='bbox 1496 4081 1528 4136; x_wconf 88' lang='lat' dir='ltr'>et</span> <span class='ocrx_word' id='word_1_410' title='bbox 1543 4067 1723 4156; x_wconf 90' lang='lat' dir='ltr'><strong>opportuni,</strong></span> 
     </span>
     <span class='ocr_line' id='line_1_36' title="bbox 358 4172 1724 4264; baseline 0 -26"><span class='ocrx_word' id='word_1_411' title='bbox 358 4184 388 4239; x_wconf 89' lang='lat' dir='ltr'>et</span> <span class='ocrx_word' id='word_1_412' title='bbox 411 4172 558 4240; x_wconf 82' lang='lat' dir='ltr'><strong>havendo</strong></span> <span class='ocrx_word' id='word_1_413' title='bbox 583 4175 660 4240; x_wconf 86' lang='lat' dir='ltr'><strong>hora</strong></span> <span class='ocrx_word' id='word_1_414' title='bbox 684 4174 881 4244; x_wconf 74' lang='lat' dir='ltr'><strong>commoditi</strong></span> <span class='ocrx_word' id='word_1_415' title='bbox 905 4175 935 4242; x_wconf 93' lang='lat' dir='ltr'><strong>di</strong></span> <span class='ocrx_word' id='word_1_416' title='bbox 958 4189 1071 4264; x_wconf 89' lang='lat' dir='ltr'><strong>questo</strong></span> <span class='ocrx_word' id='word_1_417' title='bbox 1095 4176 1231 4242; x_wconf 83' lang='lat' dir='ltr'><strong>corriere</strong></span> <span class='ocrx_word' id='word_1_418' title='bbox 1254 4175 1313 4243; x_wconf 87' lang='lat' dir='ltr'>che</span> <span class='ocrx_word' id='word_1_419' title='bbox 1337 4179 1354 4241; x_wconf 79' lang='lat' dir='ltr'>e</span> <span class='ocrx_word' id='word_1_420' title='bbox 1378 4173 1502 4256; x_wconf 84' lang='lat' dir='ltr'><strong>Tadeo,</strong></span> <span class='ocrx_word' id='word_1_421' title='bbox 1527 4175 1585 4241; x_wconf 90' lang='lat' dir='ltr'>che</span> <span class='ocrx_word' id='word_1_422' title='bbox 1609 4174 1640 4241; x_wconf 93' lang='lat' dir='ltr'><strong>di</strong></span> <span class='ocrx_word' id='word_1_423' title='bbox 1662 4175 1724 4239; x_wconf 86' lang='lat' dir='ltr'><strong>An·</strong></span> 
     </span>
     <span class='ocr_line' id='line_1_37' title="bbox 358 4277 1724 4369; baseline 0 -25"><span class='ocrx_word' id='word_1_424' title='bbox 358 4277 513 4365; x_wconf 82' lang='lat' dir='ltr'>ghelterra</span> <span class='ocrx_word' id='word_1_425' title='bbox 530 4281 622 4347; x_wconf 85' lang='lat' dir='ltr'><strong>viene</strong></span> <span class='ocrx_word' id='word_1_426' title='bbox 646 4281 677 4346; x_wconf 88' lang='lat' dir='ltr'><strong>in</strong></span> <span class='ocrx_word' id='word_1_427' title='bbox 695 4285 782 4348; x_wconf 74' lang='lat' dir='ltr'><strong>costi</strong></span> <span class='ocrx_word' id='word_1_428' title='bbox 807 4294 838 4348; x_wconf 90' lang='lat' dir='ltr'>et</span> <span class='ocrx_word' id='word_1_429' title='bbox 861 4284 903 4348; x_wconf 90' lang='lat' dir='ltr'><strong>mi</strong></span> <span class='ocrx_word' id='word_1_430' title='bbox 925 4280 964 4348; x_wconf 70' lang='lat' dir='ltr'><strong>dd</strong></span> <span class='ocrx_word' id='word_1_431' title='bbox 986 4304 1070 4369; x_wconf 85' lang='lat' dir='ltr'><strong>poco</strong></span> <span class='ocrx_word' id='word_1_432' title='bbox 1094 4293 1204 4368; x_wconf 83' lang='lat' dir='ltr'>tempo</span> <span class='ocrx_word' id='word_1_433' title='bbox 1221 4304 1238 4348; x_wconf 83' lang='lat' dir='ltr'>a</span> <span class='ocrx_word' id='word_1_434' title='bbox 1253 4282 1400 4362; x_wconf 86' lang='lat' dir='ltr'><strong>scrivere,</strong></span> <span class='ocrx_word' id='word_1_435' title='bbox 1425 4280 1468 4347; x_wconf 92' lang='lat' dir='ltr'><strong>ho</strong></span> <span class='ocrx_word' id='word_1_436' title='bbox 1485 4281 1596 4347; x_wconf 89' lang='lat' dir='ltr'><strong>voluto</strong></span> <span class='ocrx_word' id='word_1_437' title='bbox 1620 4279 1724 4346; x_wconf 88' lang='lat' dir='ltr'>breve-</span> 
     </span>
     <span class='ocr_line' id='line_1_38' title="bbox 359 4385 1724 4476; baseline -0.001 -25"><span class='ocrx_word' id='word_1_438' title='bbox 359 4398 467 4452; x_wconf 88' lang='lat' dir='ltr'>mente</span> <span class='ocrx_word' id='word_1_439' title='bbox 492 4385 575 4454; x_wconf 82' lang='lat' dir='ltr'><strong>darie</strong></span> <span class='ocrx_word' id='word_1_440' title='bbox 591 4399 704 4474; x_wconf 90' lang='lat' dir='ltr'>questo</span> <span class='ocrx_word' id='word_1_441' title='bbox 721 4389 807 4454; x_wconf 84' lang='lat' dir='ltr'><strong>aviso</strong></span> <span class='ocrx_word' id='word_1_442' title='bbox 833 4407 864 4454; x_wconf 87' lang='lat' dir='ltr'>et</span> <span class='ocrx_word' id='word_1_443' title='bbox 880 4400 979 4455; x_wconf 92' lang='lat' dir='ltr'><strong>conto</strong></span> <span class='ocrx_word' id='word_1_444' title='bbox 1003 4387 1031 4454; x_wconf 92' lang='lat' dir='ltr'><strong>di</strong></span> <span class='ocrx_word' id='word_1_445' title='bbox 1053 4411 1116 4466; x_wconf 88' lang='lat' dir='ltr'><strong>me,</strong></span> <span class='ocrx_word' id='word_1_446' title='bbox 1140 4411 1195 4476; x_wconf 88' lang='lat' dir='ltr'><strong>per</strong></span> <span class='ocrx_word' id='word_1_447' title='bbox 1211 4410 1277 4454; x_wconf 92' lang='lat' dir='ltr'><strong>non</strong></span> <span class='ocrx_word' id='word_1_448' title='bbox 1301 4407 1410 4454; x_wconf 87' lang='lat' dir='ltr'>tenere</span> <span class='ocrx_word' id='word_1_449' title='bbox 1424 4387 1463 4453; x_wconf 93' lang='lat' dir='ltr'><strong>V.</strong></span> <span class='ocrx_word' id='word_1_450' title='bbox 1481 4387 1512 4453; x_wconf 88' lang='lat' dir='ltr'><strong>S.</strong></span> <span class='ocrx_word' id='word_1_451' title='bbox 1537 4389 1569 4453; x_wconf 88' lang='lat' dir='ltr'><strong>in</strong></span> <span class='ocrx_word' id='word_1_452' title='bbox 1585 4409 1724 4474; x_wconf 85' lang='lat' dir='ltr'><strong>suspeso.</strong></span> 
     </span>
    </p>

    <p class='ocr_par' dir='ltr' id='par_1_8' title="bbox 358 4490 1726 4794">
     <span class='ocr_line' id='line_1_39' title="bbox 465 4490 1724 4582; baseline 0 -24"><span class='ocrx_word' id='word_1_453' title='bbox 465 4491 575 4558; x_wconf 86' lang='lat' dir='ltr'><strong>Subito</strong></span> <span class='ocrx_word' id='word_1_454' title='bbox 600 4493 683 4559; x_wconf 87' lang='lat' dir='ltr'><strong>ch’io</strong></span> <span class='ocrx_word' id='word_1_455' title='bbox 707 4493 748 4559; x_wconf 87' lang='lat' dir='ltr'><strong>Iui</strong></span> <span class='ocrx_word' id='word_1_456' title='bbox 773 4495 887 4580; x_wconf 88' lang='lat' dir='ltr'><strong>partito</strong></span> <span class='ocrx_word' id='word_1_457' title='bbox 912 4493 941 4560; x_wconf 92' lang='lat' dir='ltr'><strong>di</strong></span> <span class='ocrx_word' id='word_1_458' title='bbox 966 4494 1107 4576; x_wconf 85' lang='lat' dir='ltr'><strong>Londra,</strong></span> <span class='ocrx_word' id='word_1_459' title='bbox 1136 4494 1288 4582; x_wconf 86' lang='lat' dir='ltr'>quelche</span> <span class='ocrx_word' id='word_1_460' title='bbox 1312 4494 1337 4559; x_wconf 94' lang='lat' dir='ltr'><strong>si</strong></span> <span class='ocrx_word' id='word_1_461' title='bbox 1362 4516 1413 4560; x_wconf 85' lang='lat' dir='ltr'><strong>era</strong></span> <span class='ocrx_word' id='word_1_462' title='bbox 1436 4505 1564 4561; x_wconf 83' lang='lat' dir='ltr'><strong>trattato</strong></span> <span class='ocrx_word' id='word_1_463' title='bbox 1589 4491 1655 4559; x_wconf 86' lang='lat' dir='ltr'><strong>fino</strong></span> <span class='ocrx_word' id='word_1_464' title='bbox 1680 4490 1724 4558; x_wconf 87' lang='lat' dir='ltr'><strong>ail’</strong></span> 
     </span>
     <span class='ocr_line' id='line_1_40' title="bbox 358 4598 1726 4688; baseline 0 -24"><span class='ocrx_word' id='word_1_465' title='bbox 358 4599 436 4665; x_wconf 81' lang='lat' dir='ltr'><strong>hora</strong></span> <span class='ocrx_word' id='word_1_466' title='bbox 460 4611 570 4667; x_wconf 83' lang='lat' dir='ltr'><strong>contra</strong></span> <span class='ocrx_word' id='word_1_467' title='bbox 593 4599 613 4666; x_wconf 90' lang='lat' dir='ltr'><strong>iI</strong></span> <span class='ocrx_word' id='word_1_468' title='bbox 637 4599 791 4666; x_wconf 84' lang='lat' dir='ltr'><strong>cardinale</strong></span> <span class='ocrx_word' id='word_1_469' title='bbox 816 4598 1023 4681; x_wconf 86' lang='lat' dir='ltr'><strong>Eboracense,</strong></span> <span class='ocrx_word' id='word_1_470' title='bbox 1048 4602 1209 4668; x_wconf 82' lang='lat' dir='ltr'><strong>comincio</strong></span> <span class='ocrx_word' id='word_1_471' title='bbox 1232 4624 1250 4667; x_wconf 84' lang='lat' dir='ltr'>a</span> <span class='ocrx_word' id='word_1_472' title='bbox 1273 4601 1417 4688; x_wconf 81' lang='lat' dir='ltr'><strong>scoppiar</strong></span> <span class='ocrx_word' id='word_1_473' title='bbox 1442 4623 1504 4666; x_wconf 87' lang='lat' dir='ltr'><strong>con</strong></span> <span class='ocrx_word' id='word_1_474' title='bbox 1528 4599 1647 4687; x_wconf 83' lang='lat' dir='ltr'><strong>grande</strong></span> <span class='ocrx_word' id='word_1_475' title='bbox 1672 4601 1726 4665; x_wconf 92' lang='lat' dir='ltr'><strong>im·</strong></span> 
     </span>
     <span class='ocr_line' id='line_1_41' title="bbox 359 4704 1726 4794; baseline 0.001 -24"><span class='ocrx_word' id='word_1_476' title='bbox 359 4717 445 4790; x_wconf 89' lang='lat' dir='ltr'>pet0,</span> <span class='ocrx_word' id='word_1_477' title='bbox 469 4705 554 4771; x_wconf 88' lang='lat' dir='ltr'><strong>onde</strong></span> <span class='ocrx_word' id='word_1_478' title='bbox 578 4707 678 4792; x_wconf 88' lang='lat' dir='ltr'><strong>prima</strong></span> <span class='ocrx_word' id='word_1_479' title='bbox 702 4705 786 4772; x_wconf 92' lang='lat' dir='ltr'><strong>ch&#39;io</strong></span> <span class='ocrx_word' id='word_1_480' title='bbox 806 4708 936 4793; x_wconf 83' lang='lat' dir='ltr'><strong>pnssassi</strong></span> <span class='ocrx_word' id='word_1_481' title='bbox 961 4706 980 4772; x_wconf 92' lang='lat' dir='ltr'><strong>il</strong></span> <span class='ocrx_word' id='word_1_482' title='bbox 1006 4729 1101 4788; x_wconf 82' lang='lat' dir='ltr'>mare,</span> <span class='ocrx_word' id='word_1_483' title='bbox 1125 4707 1228 4788; x_wconf 89' lang='lat' dir='ltr'><strong>intesi,</strong></span> <span class='ocrx_word' id='word_1_484' title='bbox 1252 4729 1346 4772; x_wconf 87' lang='lat' dir='ltr'>come</span> <span class='ocrx_word' id='word_1_485' title='bbox 1369 4706 1413 4794; x_wconf 88' lang='lat' dir='ltr'><strong>gii</strong></span> <span class='ocrx_word' id='word_1_486' title='bbox 1437 4706 1600 4774; x_wconf 86' lang='lat' dir='ltr'><strong>havevano</strong></span> <span class='ocrx_word' id='word_1_487' title='bbox 1625 4704 1726 4772; x_wconf 85' lang='lat' dir='ltr'>levato</span> 
     </span>
    </p>
   </div>
   <div class='ocr_carea' id='block_1_6' title="bbox 468 4897 989 4969">
    <p class='ocr_par' dir='ltr' id='par_1_9' title="bbox 468 4897 989 4969">
     <span class='ocr_line' id='line_1_42' title="bbox 468 4897 989 4969; baseline 0.004 -19"><span class='ocrx_word' id='word_1_488' title='bbox 468 4905 475 4934; x_wconf 93' lang='lat'><strong>¹</strong></span> <span class='ocrx_word' id='word_1_489' title='bbox 496 4897 635 4969; x_wconf 88' lang='lat' dir='ltr'><strong>Boulogne</strong></span> <span class='ocrx_word' id='word_1_490' title='bbox 655 4917 698 4952; x_wconf 81' lang='lat' dir='ltr'><strong>am</strong></span> <span class='ocrx_word' id='word_1_491' title='bbox 717 4898 801 4952; x_wconf 80' lang='lat' dir='ltr'><strong>Kanai</strong></span> <span class='ocrx_word' id='word_1_492' title='bbox 821 4917 874 4954; x_wconf 83' lang='lat' dir='ltr'><strong>von</strong></span> <span class='ocrx_word' id='word_1_493' title='bbox 894 4899 989 4954; x_wconf 77' lang='lat' dir='ltr'><strong>Calais.</strong></span> 
     </span>
    </p>
   </div>
   <div class='ocr_carea' id='block_1_7' title="bbox 0 0 1929 5524">
    <p class='ocr_par' dir='ltr' id='par_1_10' title="bbox 0 0 1929 5524">
     <span class='ocr_line' id='line_1_43' title="bbox 0 0 1929 5524; baseline 0 0"><span class='ocrx_word' id='word_1_494' title='bbox 0 0 1929 5524; x_wconf 95' lang='lat' dir='ltr'><strong> </strong></span> 
     </span>
    </p>
   </div>
  </div>
 </body>
</html>
