3782 5532
167 325 227 392 1528
245 319 406 378 December.

816 499 880 582 36.

330 658 510 727 Clemens
528 657 598 725 Vll.
644 657 819 727 Universis.
865 656 966 738 Rom,
994 676 1042 722 12.
1066 654 1246 723 Dezember
1271 659 1363 742 1528.

266 799 418 872 Pdprtliches
439 798 646 853 Geleitschreibm
657 799 709 868 sair
727 796 866 851 Francesco
888 796 1021 869 Campana
1040 815 1086 866 rur
1105 796 1176 850 Reise
1195 797 1258 850 noch
1277 797 1406 870 England.

267 940 432 1007 Universis
456 951 515 1008 etc.
562 939 644 1007 Cum
670 961 729 1026 pro
753 936 914 1005 nonnullis
937 938 1055 1004 nostris
1083 937 1221 1023 negotiis
1245 942 1456 1024 praesentium
1482 966 1534 1010 ex-

163 1046 290 1128 hibitor,
314 1045 366 1112 dil.
390 1044 472 1112 filius
490 1046 674 1114 Franciscus
690 1043 873 1131 Campanus
897 1043 1085 1111 camerarius
1109 1061 1218 1110 noster
1242 1046 1273 1109 in
1289 1045 1436 1132 Angliam
1461 1071 1533 1136 pro·

163 1150 329 1235 liciscatur,
354 1175 413 1220 nos
437 1154 610 1240 cupientes,
640 1153 669 1218 ei
691 1168 796 1217 tutum
821 1161 852 1217 et
875 1147 1006 1216 liberum
1037 1151 1095 1216 iter
1118 1148 1232 1238 ubique
1256 1173 1335 1230 esse,
1365 1175 1479 1221 omnes
1503 1167 1534 1222 et

163 1257 306 1345 singulos
321 1280 425 1345 regeS,
441 1259 608 1346 principeS,
626 1257 732 1338 duces,
757 1255 968 1336 marchiones,
985 1256 1120 1322 comites
1138 1279 1174 1321 ac
1189 1254 1311 1323 nobiles
1328 1279 1534 1349 quoscunque

163 1387 292 1432 necnon
316 1365 456 1432 civitates
479 1365 761 1450 universitatesque
789 1359 1050 1450 particularesque
1074 1382 1225 1448 personas
1249 1364 1421 1446 civitatum,
1446 1371 1535 1457 oppi-

164 1469 295 1552 dorum,
320 1481 511 1551 castrorum,
540 1481 695 1536 terrarum
719 1479 750 1535 et
773 1466 919 1534 locorum
944 1489 1222 1555 quorumcunque,
1251 1491 1307 1556 per
1330 1493 1410 1558 quae
1433 1474 1537 1560 ipsum

164 1575 365 1642 Franciscum
389 1577 448 1643 iter
470 1573 573 1642 facere
598 1574 779 1661 contigerit,
805 1574 969 1641 hortamur
993 1573 1024 1639 in
1044 1572 1200 1654 Domine,
1224 1573 1355 1643 subditis
1378 1600 1456 1645 vero
1480 1603 1537 1647 no-

164 1683 233 1750 stris
257 1679 397 1749 mediate
421 1681 470 1748 vel
494 1679 677 1748 immediate
706 1679 799 1746 nobis
822 1678 970 1748 subiectis
992 1679 1027 1745 in
1049 1679 1164 1747 virtute
1189 1692 1315 1749 sanctae
1338 1682 1538 1754 obedientiae

165 1801 194 1856 et
216 1786 277 1856 sub
300 1789 403 1855 nostri
425 1785 543 1854 arbitrii
569 1809 675 1874 poena
698 1809 845 1874 expresse
867 1784 1091 1873 praecipiendo
1115 1785 1313 1869 mandamus,
1342 1807 1375 1856 ut
1400 1790 1537 1859 eundem

164 1895 367 1962 franciscum
391 1896 424 1960 in
448 1890 555 1960 eundo
579 1911 610 1959 et
633 1889 798 1960 redeundo
822 1915 896 1958 cum
912 1889 1036 1958 duobus
1058 1890 1109 1958 vel
1131 1890 1229 1958 tribus
1252 1894 1318 1959 eius
1335 1896 1538 1966 servitoribus

166 2013 216 2068 aut
245 1998 416 2068 comitibus
448 1997 643 2088 equestribus
670 1997 722 2066 vel
751 1996 958 2085 pedestribus,
989 2019 1024 2063 ac
1051 1995 1177 2078 valisiis,
1207 1995 1355 2085 bulgettis
1385 2015 1417 2069 et
1446 2003 1539 2071 rebus

167 2109 229 2174 suis
252 2104 404 2173 omnibus
428 2105 523 2173 etiam
546 2106 614 2172 sine
638 2102 698 2170 ulla
722 2102 807 2185 datii,
830 2101 979 2189 gabellae,
1003 2103 1147 2190 portorii,
1172 2101 1350 2172 fundinavis
1373 2106 1538 2176 alteriusve

168 2215 382 2302 cuiuscunque
404 2210 515 2278 indicti
537 2209 588 2278 vel
611 2207 771 2277 indicendi
795 2210 901 2276 oneris
925 2208 1096 2290 solutione,
1120 2209 1152 2274 in
1176 2209 1254 2276 locis
1270 2214 1381 2279 vestris
1405 2215 1539 2302 ingredi,

168 2331 257 2400 stare,
281 2317 424 2400 transire,
448 2315 532 2384 abire
556 2314 720 2405 redireque
744 2314 839 2382 libere
863 2317 1061 2403 permittatis,
1092 2313 1229 2402 benigne
1254 2339 1325 2384 eum
1350 2321 1539 2407 recipientes

169 2436 199 2491 et
222 2422 417 2512 hospitaliter
433 2433 602 2490 tractantes
626 2420 667 2489 de
683 2421 832 2488 omnibus
856 2420 947 2488 rebus
971 2419 1029 2488 sibi
1053 2423 1237 2488 necessariis
1260 2445 1318 2510 pro
1336 2428 1540 2496 convenienti

169 2531 281 2619 pretio,
309 2548 341 2596 et
364 2531 391 2595 si
414 2551 494 2618 opus
522 2527 616 2595 fuerit
643 2547 675 2594 et
698 2529 764 2616 ipse
793 2526 915 2594 duxerit
943 2525 1167 2616 requirendum
1197 2526 1236 2595 de
1260 2543 1363 2596 scorta
1392 2544 1423 2599 et
1452 2534 1539 2602 salvo

171 2635 341 2716 conductu,
359 2646 507 2724 prompte
525 2633 729 2722 provideatis,
753 2632 862 2702 facturi
881 2635 913 2700 in
933 2633 995 2700 hoc
1015 2632 1106 2700 nobis
1124 2655 1193 2700 rem
1213 2633 1387 2703 admodum
1407 2653 1538 2726 gratam.

274 2759 394 2825 Datum
417 2758 541 2826 Romae
564 2769 623 2824 etc.
648 2755 699 2824 die
727 2776 775 2823 12.
801 2755 980 2824 decembris
1005 2760 1098 2842 1528.
1144 2759 1184 2824 A.
1208 2769 1309 2826 sexto

1300 2902 1434 2972 Blosius.

382 3057 457 3112 Erev.
476 3057 540 3112 min.
561 3055 674 3112 CLVII.
693 3056 745 3111 vol.
766 3071 807 3124 22,
827 3075 851 3111 n.
866 3056 925 3126 764.
956 3056 1048 3128 Vergl.
1067 3056 1133 3111 dazu
1150 3056 1192 3111 die
1211 3058 1356 3115 Schreiben
1376 3063 1416 3118 Cl.
1430 3065 1488 3120 Vll.
1508 3084 1542 3121 an

274 3147 307 3201 H.
322 3145 391 3200 Vlll.
416 3145 468 3199 und
486 3145 529 3200 W.
549 3145 573 3199 d.
593 3145 617 3198 d.
640 3160 680 3214 15.
704 3144 854 3198 Dezember
875 3145 941 3213 1528
965 3145 1007 3199 bei
1026 3144 1151 3214 Theiner,
1175 3165 1199 3218 p.
1223 3149 1278 3217 562,
1303 3169 1329 3206 n.
1349 3154 1400 3225 998
1420 3156 1472 3209 und
1491 3175 1542 3231 999

275 3235 388 3304 (Burnet
406 3234 426 3290 1.
446 3233 515 3288 Coll.
529 3233 561 3287 ΙΙ.
582 3250 606 3287 n.
623 3233 676 3301 18),
695 3233 722 3286 in
741 3232 827 3287 denen
847 3232 893 3287 der
910 3233 991 3304 Papst
1010 3232 1061 3287 den
1080 3245 1233 3304 genannten
1252 3237 1389 3311 Campana
1409 3241 1450 3297 lbr
1468 3247 1542 3300 seine

275 3322 462 3392 Mitteilungen
486 3340 517 3375 zu
541 3321 592 3375 den
617 3319 796 3392 allgemeinen
820 3321 1165 3394 Friedensverhandlungen
1190 3323 1243 3378 und
1268 3326 1412 3383 besonders
1439 3348 1470 3385 zu
1496 3333 1543 3387 der

275 3411 492 3483 Angeleg‘enheit
511 3409 557 3464 des
577 3409 682 3480 Konigs
701 3408 868 3480 beglaubigt,
887 3411 934 3464 mit
953 3409 1000 3463 der
1012 3410 1222 3482 Versicherung,
1242 3413 1297 3468 dass
1317 3415 1363 3470 der
1381 3417 1462 3490 Papst
1480 3421 1541 3474 dem

276 3499 368 3570 llbnig
385 3500 412 3552 in
431 3497 589 3552 vaterlicher
601 3496 682 3551 Liebe
702 3497 834 3568 zugethan
853 3499 899 3552 sei.
931 3487 1004 3552 Uber
1022 3497 1064 3552 die
1083 3497 1211 3572 Sendung
1230 3501 1377 3559 Francesco
1391 3505 1542 3580 Campanas

277 3588 332 3658 (Pr.
352 3587 385 3640 de
404 3585 496 3656 Colle)
515 3585 611 3658 vergi:
631 3584 682 3639 Die
701 3585 848 3658 papstliche
868 3585 1018 3653 Dehretale,
1037 3587 1103 3641 Hist.
1123 3588 1255 3658 Jahrbuch
1278 3593 1352 3660 1888,
1372 3595 1397 3648 S.
1420 3612 1451 3668 39
1471 3598 1488 3652 f.

830 3833 887 3916 m.

358 3990 539 4059 Clemens
557 3988 630 4058 Vssq
651 4013 691 4058 an
714 3988 848 4058 Bischol
867 3989 1057 4059 Ghinucci
1081 4016 1147 4061 von
1167 3995 1361 4067 Worcester.

609 4096 706 4179 Rom,
731 4115 782 4184 27.
807 4096 985 4166 Dezember
1013 4101 1105 4184 1528.

279 4255 477 4326 Rttckberufung
494 4255 559 4308 nach
572 4237 638 4310 Rani
655 4255 708 4308 und
721 4255 925 4328 Ausforderuag,
943 4255 992 4310 den
1011 4226 1098 4329 konig
1117 4277 1168 4312 von
1188 4260 1310 4331 Eugland
1328 4283 1370 4318 um
1381 4267 1546 4336 freondliche

176 4346 329 4416 Entlassung
347 4362 400 4398 von
417 4345 474 4396 dem
490 4343 778 4415 Gesandtschaftsposteu
798 4345 825 4396 in
846 4343 959 4415 Spartica
975 4363 1006 4414 au
1024 4347 1147 4400 ersuchen.

279 4483 460 4554 Venerabili
483 4482 568 4551 fratri
591 4484 794 4572 Hieronymo
819 4507 911 4572 eppo.
930 4487 1150 4574 Wigorniensi
1167 4489 1278 4557 Sermi.
1302 4493 1437 4580 Angliae
1462 4501 1545 4585 regis

177 4591 257 4682 apud
280 4591 440 4659 Sermum.
465 4590 635 4658 Caesarem
660 4591 787 4657 oratori.

280 4715 365 4782 Ven.
393 4713 430 4780 fr.
459 4713 512 4782 sal.
558 4713 622 4782 Etsi
654 4713 731 4781 haec
760 4727 813 4782 tua
840 4715 1001 4782 triennalis
1029 4741 1046 4784 a
1076 4717 1168 4786 nobis
1199 4719 1337 4788 absentia
1370 4723 1411 4791 ob
1444 4727 1548 4796 multi·

177 4822 289 4910 plicem
321 4843 430 4902 usum,
461 4843 557 4910 quem
588 4843 627 4888 ex
659 4817 722 4887 fide
755 4818 899 4888 doctrina
926 4823 1104 4912 virtuteque
1133 4836 1187 4892 tua
1210 4826 1427 4914 cupiebamus,
1456 4833 1548 4902 nobis

178 4925 384 4995 incommoda
412 4925 573 5008 acciderit,
601 4938 708 4992 tamen
736 4925 823 5014 quod
852 4929 971 4995 interea
999 4929 1117 4996 Carmi.
1148 4932 1180 4996 in
1205 4931 1333 5000 Christo
1365 4934 1419 5004 filii
1448 4943 1549 5008 nostri
