3782 5532
182 429 185 434 Ι
215 351 284 418 1528
305 348 436 404 Oktober.
1546 333 1586 394 57

319 508 367 592 Io,
396 510 507 597 signor
530 509 608 591 mio,
635 532 691 597 per
714 508 786 598 quei
815 509 873 576 che
897 509 945 574 sin
974 509 1027 596 qui
1051 528 1227 594 cognosc0,
1256 528 1323 573 non
1347 528 1407 572 son
1438 505 1532 572 »fnor
1556 504 1588 573 di

211 635 402 700 speranza«,
432 614 490 681 che
514 634 624 703 questa
646 616 695 680 via
726 636 845 702 »possa
867 614 1011 694 riuscire,
1039 636 1092 679 ma
1116 611 1144 678 ia
1167 612 1250 678 vedo
1279 611 1382 679 molto
1406 609 1532 678 difficile
1556 624 1588 679 et

211 719 266 806 piri
290 719 350 786 che
375 719 498 788 dubia«.
544 721 610 786 Ben
627 721 657 786 vi
681 718 769 801 direi,
793 718 849 786 s'ei
872 717 956 786 fusse
979 718 1128 807 possibile
1144 716 1312 806 persuadet
1335 728 1445 805 questu
1460 719 1509 784 via
1525 716 1586 784 allo

210 825 411 914 Imperatore
433 846 465 893 et
487 825 543 908 far,
567 826 625 894 che
651 827 707 894 »S.
731 827 775 892 M.
800 824 830 892 le
853 827 1029 892 scriuesse«
1056 848 1076 890 o
1100 826 1153 913 piri
1177 835 1284 912 presto
1310 821 1501 890 »mandasse
1526 847 1587 890 una

211 953 294 997 voce
313 932 403 998 viva«
430 955 447 998 a
470 931 678 1020 persuadetis,
710 932 825 1019 perche
849 929 951 998 sendo
974 931 1024 1018 giu
1046 953 1157 1018 presso
1181 928 1231 996 alli
1255 930 1439 1018 cinquanta¹
1464 940 1496 996 et
1519 952 1585 996 non

209 1035 378 1124 perdendo
399 1037 432 1104 in
449 1061 523 1105 cosa
546 1037 665 1120 alcuna,
689 1036 832 1104 secondo
856 1036 915 1103 che
932 1041 949 1102 ὲ
966 1035 1065 1118 detto,
1090 1046 1122 1103 et
1144 1033 1352 1123 seguendone
1380 1046 1469 1102 tanto
1494 1034 1585 1117 bene,

210 1165 280 1209 non
304 1141 388 1210 vedo
412 1143 528 1232 perche
544 1143 576 1210 S.
592 1144 637 1210 M.
662 1167 729 1210 non
754 1144 781 1210 ci
804 1143 831 1209 si
853 1155 981 1231 potesse
1004 1140 1131 1209 indurre
1155 1154 1186 1209 et
1209 1163 1265 1228 per
1280 1153 1394 1230 questo
1410 1140 1584 1208 universale

210 1271 280 1314 non
303 1251 329 1315 si
353 1249 429 1337 pigli
457 1268 566 1338 questa
588 1250 637 1317 via
661 1272 755 1316 corne
784 1272 882 1316 meno
906 1247 1088 1316 scandaloso
1117 1265 1147 1314 et
1170 1249 1224 1337 piu
1247 1249 1357 1314 sicura.
1403 1246 1441 1313 Et
1469 1246 1585 1334 perche

209 1353 232 1419 il
249 1355 345 1422 Rm0.
373 1354 543 1423 »Roffense
568 1366 617 1423 est
640 1378 698 1443 pro
722 1356 830 1442 regina
854 1367 885 1422 et
909 1352 1016 1435 cred0‚
1041 1353 1099 1421 che
1122 1353 1154 1420 lo
1171 1352 1321 1441 deputer'n
1344 1375 1400 1440 per
1423 1375 1489 1419 uno
1514 1350 1585 1420 delli

209 1461 283 1526 suoi
307 1459 488 1546 consiglieri
511 1458 540 1527 di
566 1460 697 1528 volunt&
720 1458 770 1527 del
793 1484 859 1542 reu,
887 1459 937 1527 alli
960 1460 1056 1526 XXV
1080 1483 1163 1526 sono
1187 1470 1269 1526 stato
1294 1481 1356 1526 con
1380 1458 1422 1525 lui
1445 1482 1462 1524 3
1486 1459 1584 1546 lungo

210 1584 243 1632 et
267 1589 329 1632 con
355 1565 455 1634 molte
485 1568 608 1654 ragioni
632 1567 675 1654 gli
698 1567 742 1633 ho
766 1589 916 1654 persuaso
940 1579 1048 1655 questa
1072 1567 1136 1644 via,
1167 1584 1198 1633 et
1221 1565 1266 1631 mi
1291 1568 1308 1631 ὲ
1331 1587 1435 1654 parsu,
1459 1564 1518 1632 che
1540 1566 1585 1632 sia

208 1673 326 1759 partito
352 1671 390 1738 da
413 1693 466 1738 me
479 1684 637 1740 contento
662 1685 693 1739 et
715 1671 796 1740 bene
813 1670 970 1740 edificat0.
1017 1672 1081 1738 Dio
1105 1672 1178 1739 lasci
1194 1693 1301 1738 correr
1324 1670 1441 1761 quello
1466 1670 1524 1737 che
1541 1672 1585 1737 sia

208 1798 268 1865 per
291 1777 310 1842 il
335 1776 466 1864 meglio.
1256 1766 1259 1772 ’

317 1883 455 1951 Ritorno
478 1907 496 1950 a
518 1883 594 1967 dire,
619 1883 678 1951 che
703 1894 831 1973 »questa
855 1907 928 1952 cosa
952 1882 991 1951 da
1012 1896 1142 1952 costoro
1166 1884 1190 1950 si
1215 1883 1322 1950 brama
1345 1906 1408 1950 con
1432 1883 1510 1970 ogni
1534 1905 1584 1949 ce·

208 1987 309 2072 ieritd,
333 1991 412 2076 perd
437 1993 455 2056 ὲ
478 1991 667 2071 necessario,
696 1990 755 2057 che
778 1990 840 2056 Sua
863 1990 983 2058 Santitt
1006 1991 1031 2056 si
1059 1989 1173 2056 risolva
1198 2001 1229 2057 et
1252 1991 1296 2056 mi
1320 1990 1419 2057 scrivu
1442 1988 1584 2056 risoluta·

208 2107 330 2177 mente,
355 2114 474 2183 quanto
491 2096 534 2163 ho
550 2120 567 2162 3
582 2095 657 2178 fare,
681 2108 713 2163 et
728 2095 889 2178 taimente,
914 2095 999 2163 ch’io
1015 2118 1110 2185 possa
1133 2096 1313 2177 mostrar10,
1338 2107 1369 2162 et
1385 2117 1451 2161 non
1476 2094 1584 2161 iasciar

208 2223 305 2289 sopra
332 2200 361 2268 le
384 2199 480 2289 spalie
508 2203 572 2268 mie
596 2224 670 2270 cosa
699 2201 845 2284 alcuna«,
873 2202 990 2291 perche
1014 2225 1081 2268 non
1109 2225 1207 2290 posso
1231 2199 1463 2270 ritrovandomi
1494 2201 1582 2288 »qui‚

209 2305 410 2374 defendermi
434 2307 511 2374 dalla
538 2309 685 2375 instantia
709 2307 767 2375 che
790 2306 899 2389 fann0‚
929 2319 960 2375 et
984 2309 1122 2376 maxime
1148 2307 1265 2396 perche
1288 2331 1305 2374 a
1327 2306 1440 2375 Narale
1467 2307 1539 2373 tutti
1562 2305 1583 2372 li

207 2411 321 2479 baroni
352 2431 382 2480 et
406 2411 514 2501 prelati
542 2412 592 2480 dei
619 2437 721 2501 regno
745 2412 871 2482 deveno
896 2437 982 2481 esser
1010 2415 1063 2503 qui
1090 2436 1146 2502 per
1169 2425 1277 2503 questa
1307 2411 1524 2501 expeditione,
1554 2423 1584 2480 et

208 2531 323 2607 questo
342 2521 543 2587 movimento
567 2543 634 2586 non
658 2521 722 2608 pud
739 2532 801 2587 star
825 2542 958 2608 sospeso
982 2543 1076 2587 senza
1099 2518 1271 2608 periculo«.
1317 2518 1451 2585 Percidi
1473 2541 1583 2585 nuovo

208 2622 423 2692 humilnrente
446 2624 599 2714 supplic0,
625 2626 684 2692 che
710 2624 881 2694 »ulmente
904 2627 948 2692 mi
972 2626 1016 2692 sia
1040 2627 1149 2693 scritto
1174 2624 1257 2692 ch’io
1280 2647 1374 2713 possa
1399 2625 1583 2712 respirare«.

208 2729 248 2796 Et
271 2731 408 2817 pensino
425 2731 465 2797 V.
483 2731 629 2818 Signorie
649 2731 680 2797 lo
696 2743 778 2799 stato
795 2733 873 2813 mie,
897 2731 956 2799 che
973 2731 1053 2799 oltre
1077 2730 1133 2798 3113
1149 2729 1392 2819 indispositione
1416 2729 1467 2796 dei
1484 2751 1582 2817 corpo

208 2836 256 2901 mi
277 2847 373 2903 trovo
397 2836 428 2902 in
454 2835 575 2903 infinita
601 2836 808 2904 fluctuatione
836 2835 887 2904 del
910 2839 1029 2918 animo,
1059 2848 1090 2905 et
1113 2837 1177 2904 Dio
1201 2835 1321 2924 voglia,
1351 2835 1409 2902 che
1433 2859 1450 2901 a
1474 2847 1583 2925 questa

208 2941 289 3008 hora
312 2964 380 3008 non
402 2944 479 3009 resti
501 2945 655 3030 storpiato
675 2942 752 3010 d'un
774 2943 957 3031 ginocchio,
981 2942 1033 3009 nel
1060 2941 1150 3032 quale
1174 2942 1216 3009 ho
1240 2944 1290 3030 git
1306 2941 1371 3008 XX
1394 2943 1499 3029 giomi
1522 2965 1584 3008 una

208 3069 355 3134 gomma,
379 3047 437 3114 che
461 3071 528 3114 non
552 3049 597 3114 mi
619 3048 698 3115 lassa
721 3046 925 3130 distenderlo,
951 3071 1012 3115 con
1036 3046 1248 3136 grandissimo
1273 3045 1395 3114 dolore.

316 3154 368 3222 Ne
392 3153 412 3220 li
436 3154 667 3240 ragionanrenti
691 3153 741 3222 col
764 3155 860 3223 Rmo.
884 3147 1083 3222 Eboracense
1107 3155 1187 3221 circa
1213 3152 1240 3220 13
1264 3176 1340 3241 pace
1365 3153 1583 3221 ultimamente

209 3258 296 3325 m’ha
319 3258 410 3326 detto
435 3258 548 3327 havere
572 3259 682 3328 lettere
704 3259 827 3327 fresche
851 3261 922 3327 cioe
946 3258 985 3327 de
1007 3261 1037 3324 V
1062 3258 1113 3328 dei
1135 3271 1282 3349 presente
1305 3258 1345 3326 de
1368 3260 1529 3347 Hispagna
1553 3271 1584 3325 et

209 3364 292 3431 ch’el
308 3365 499 3433 Reverendo
523 3366 659 3453 Pistoja²
682 3389 734 3434 era
756 3367 911 3435 ritornsto
935 3367 967 3432 in
991 3367 1106 3433 Franrn
1132 3365 1160 3434 31
1184 3366 1432 3434 Cristianissimo
1456 3387 1519 3431 con
1542 3363 1585 3430 al-

209 3493 292 3538 cune
316 3469 545 3553 dichiarationi,
570 3482 601 3539 et
624 3471 681 3538 che
705 3473 799 3540 Rmo
824 3484 935 3540 nostro
960 3471 1116 3540 Generale
1141 3476 1158 3539 e
1182 3474 1295 3560 partito
1319 3493 1376 3560 per
1397 3469 1483 3537 ltalia
1507 3471 1581 3537 aN.

209 3576 358 3662 Signore,
383 3589 415 3643 et
437 3575 495 3644 che
520 3575 548 3644 le
566 3600 640 3644 cose
664 3577 742 3645 della
759 3601 834 3667 pace
859 3601 955 3644 erano
980 3579 1011 3644 in
1028 3579 1144 3646 ottimo
1161 3579 1307 3660 termine,
1332 3588 1363 3644 et
1378 3594 1584 3666 quantunque

210 3682 311 3764 stimi,
341 3682 400 3749 che
427 3683 468 3749 N.
494 3683 630 3770 Signore
659 3683 749 3750 habbi
778 3683 816 3750 da
845 3683 959 3751 diversi
989 3683 1099 3772 inoghi
1127 3685 1202 3751 avisi
1232 3683 1282 3751 del
1309 3693 1404 3764 tutto,
1433 3679 1503 3748 dird
1526 3703 1584 3769 pur

209 3799 330 3876 quanto
356 3789 400 3854 mi
423 3787 563 3856 discurre
586 3802 698 3877 questo
724 3790 817 3857 Rmo.

316 3893 523 3982 Presuppone
552 3893 610 3962 che
634 3895 751 3963 cesare
780 3914 812 3962 et
835 3895 1084 3972 Cristianissimo
1114 3919 1197 3962 sono
1226 3893 1379 3962 concordi
1407 3893 1478 3961 nele
1507 3915 1583 3960 con·

210 3997 331 4066 dicioni
354 3996 424 4066 dela
446 4021 537 4087 pace,
567 4023 619 4067 ma
643 4001 700 4068 che
724 4025 792 4068 non
817 4006 834 4069 e
857 4004 982 4090 seguito
1005 4025 1061 4090 per
1084 4024 1151 4068 non
1175 4002 1200 4068 si
1224 4025 1309 4068 esser
1332 4012 1458 4068 trovato
1482 3997 1583 4067 modo

209 4102 330 4172 allhora
359 4102 398 4171 de
419 4104 449 4171 13
477 4107 664 4173 executione
692 4129 748 4194 per
775 4110 903 4195 segurtt
930 4106 969 4175 de
993 4131 1055 4174 una
1082 4119 1169 4195 parte
1198 4125 1229 4174 et
1257 4106 1297 4174 de
1324 4106 1436 4188 I’altra,
1465 4117 1496 4174 et
1525 4106 1583 4173 che

213 4207 383 4277 »l'oratore
400 4209 573 4278 Francese«
598 4210 631 4278 fu
655 4231 771 4300 troppo
795 4211 930 4280 sollicito
950 4209 1014 4280 ‘allo
1042 4214 1187 4279 »intimat
1211 4211 1297 4280 dela
1319 4235 1464 4300 guerras,
1487 4210 1508 4277 il
1525 4211 1583 4278 che

210 4337 373 4402 processe,
398 4315 514 4403 perch'e
537 4316 626 4384 voise
651 4318 837 4385 »inimicare
859 4330 968 4407 questa
991 4318 1112 4386 Maesti
1134 4341 1198 4386 con
1220 4319 1252 4385 lo
1275 4318 1508 4406 Imperatore«,
1531 4340 1583 4383 ma

211 4435 390 4442 m...«.--

212 4435 545 4616 Lebensiassiee-Konigin
570 4474 713 4529 Katharina
736 4494 792 4529 war
818 4478 884 4543 1486
908 4478 1041 4548 geboren,
1069 4476 1145 4532 stand
1170 4477 1227 4531 also
1253 4475 1354 4530 damals
1380 4477 1406 4529 in
1432 4477 1518 4530 ihrem
1540 4489 1582 4544 43.

319 4621 330 4652 ¹
348 4613 462 4668 Bischof
477 4613 609 4669 Antonius
627 4617 706 4670 Pucci
724 4634 778 4670 von
797 4617 896 4741 Pisto?
915 4619 1006 4671 wurde
1025 4619 1061 4671 im
1080 4618 1277 4685 Februar1528
1296 4617 1525 4672 vonClen1.VlI.
1545 4617 1583 4671 als

213 4684 327 4738 Nuntius
347 4702 392 4738 zur
404 4684 703 4758 Friedensvennittlung
721 4688 856 4742 zwischen
895 4707 956 4742 ranz
970 4690 989 4743 l.
1010 4688 1063 4743 und
1081 4688 1143 4742 dem
1155 4689 1250 4758 Kaiser
1267 4688 1335 4742 nach
1354 4688 1512 4743 Frankreich
1531 4688 1584 4742 und

213 4755 329 4836 Soanien
348 4755 498 4879 ffieschicict³
523 4757 647 4810 aberam
666 4757 864 4813 franzosischen
883 4759 953 4814 Hofe
972 4760 1051 4843 lange
1071 4759 1243 4846 hingebalten
1267 4757 1320 4813 und
1338 4759 1394 4812 ihm
1413 4759 1455 4813 die
1467 4760 1583 4814 Weiter·

213 4841 282 4879 resse
304 4843 355 4880 nac
392 4825 509 4950 Sganren
532 4827 679 4894 verwehrt,
702 4846 734 4881 so
757 4828 812 4882 dass
837 4847 866 4883 er
887 4830 957 4884 nach
974 4831 1067 4884 italien
1093 4830 1288 4884 zuruckkehren
1313 4828 1366 4883 und
1389 4828 1437 4884 auf
1457 4831 1584 4886 anderem

214 4895 302 4966 Wege
320 4897 390 4950 nach
441 4898 519 4950 anien
537 4898 625 4952 reisen
636 4898 741 4966 musste,
761 4917 806 4953 wo
820 4917 849 4954 er
863 4910 915 4955 erst
934 4903 971 4955 im
983 4901 1035 4974 Juli
1052 4902 1116 4970 1528
1129 4901 1232 4954 anisam.
1264 4900 1344 4955 Arch.
1357 4901 1442 4956 Vatic.
1462 4902 1488 4956 S.
1502 4911 1583 4958 unten

214 4965 263 5019 Nr.
280 4967 318 5020 lx
337 4967 383 5021 der
428 4968 625 5040 orrespondenz
643 4968 772 5025 Salviatis.
