3810 5528
364 297 424 358 164
1515 297 1636 362 Oltober
1657 317 1687 376 15
1693 319 1733 378 ιο.

464 468 541 534 Post
565 487 659 555 quam
682 459 811 554 quidem
835 461 1080 532 advocationem
1103 458 1206 531 nullus
1229 463 1335 552 regius
1363 462 1522 553 legitimus
1546 479 1735 555 procurator

359 573 547 663 comparuit,
570 572 622 661 qui
646 583 699 638 aut
722 571 839 658 scripto
862 583 915 637 aut
932 567 1028 638 verbo
1053 569 1092 637 de
1116 567 1233 637 iuribus
1250 570 1394 653 doceret;
1427 584 1594 660 propterea
1616 571 1654 640 lis
1680 571 1735 640 de·

358 680 419 748 cidi
443 680 604 767 hucusque
627 700 694 744 non
717 677 831 765 potuit.
877 675 961 742 Nam
985 698 1023 742 ex
1047 676 1123 743 actis
1152 687 1183 742 et
1206 674 1378 763 productis,
1409 699 1475 744 non
1500 700 1538 744 ex
1565 700 1677 746 amore
1703 691 1735 746 et

356 785 580 854 benevolentia
608 780 781 850 decidenda
811 795 866 848 est.
913 781 1021 870 ltaque
1050 783 1133 868 regis
1161 782 1266 869 potius
1290 781 1428 864 tarditas,
1458 804 1524 849 non
1556 802 1664 850 nostra
1688 786 1735 850 vi-

358 893 449 960 detur
472 887 655 958 accusanda.

463 997 577 1086 Neque
606 1019 667 1065 nos
690 997 764 1062 satis
788 1007 920 1062 movent
944 1018 1014 1077 eae,
1044 1017 1120 1084 quas
1144 992 1296 1075 vidimus,
1324 1006 1458 1083 quatuor
1481 995 1735 1064 Universitatum

357 1105 570 1184 auctoritates,
594 1103 746 1191 quoniam
762 1099 875 1190 quibus
897 1099 1070 1168 rationibus
1087 1119 1277 1168 moveantur
1301 1123 1368 1166 non
1385 1101 1559 1185 ascribunt;
1584 1114 1616 1171 et
1636 1125 1734 1192 quam

357 1222 442 1278 recte
471 1209 607 1276 scribere
635 1208 811 1296 potuerint,
841 1209 895 1296 qui
924 1225 1090 1295 utramque
1120 1217 1241 1294 partem
1271 1228 1337 1272 non
1366 1205 1521 1274 audierint
1552 1231 1656 1298 neque
1690 1213 1735 1277 rei

356 1317 522 1384 veritatem
547 1313 766 1395 discusserint,
796 1313 1010 1402 unusquisque
1034 1333 1232 1400 cognoscere
1256 1323 1376 1399 potest,
1405 1335 1595 1402 quamquam
1625 1329 1657 1382 et
1688 1339 1735 1383 re·

357 1424 449 1510 ginae
481 1431 702 1510 procuratores
733 1443 766 1486 se
797 1417 901 1506 plures
932 1419 1026 1484 etiam
1056 1440 1150 1507 quam
1182 1442 1241 1486 vos
1269 1417 1406 1507 allegatis
1430 1419 1677 1489 Academiarum
1704 1435 1734 1490 et

358 1527 645 1596 eruditissimorum
669 1526 811 1594 virorum
840 1547 898 1612 pro
922 1525 987 1612 ipsa
1011 1525 1120 1612 regina
1143 1525 1348 1593 sentientium
1377 1527 1490 1614 scripta
1517 1525 1734 1615 producturos

357 1659 427 1703 esse
450 1632 618 1701 affirmant.
669 1629 731 1699 Sed
756 1643 789 1698 ut
813 1631 871 1697 ista
898 1631 1093 1713 omittamus,
1117 1643 1224 1698 cavete
1246 1632 1442 1713 existimetis,
1468 1635 1635 1722 quicquam
1663 1636 1735 1722 regi

358 1740 446 1810 cordi
470 1763 554 1822 esse,
585 1737 673 1828 quod
701 1735 793 1804 nobis
822 1759 914 1804 curae
944 1734 1119 1803 admodum
1143 1759 1210 1802 non
1233 1739 1290 1820 sit;
1323 1737 1380 1804 sed
1403 1739 1436 1805 in
1458 1741 1614 1826 praesenti
1638 1763 1735 1807 causa

358 1869 424 1914 non
448 1857 529 1928 tam,
558 1842 644 1934 quod
668 1845 751 1931 ipse,
780 1841 867 1932 quod
891 1843 969 1909 item
992 1864 1051 1908 vos
1074 1842 1164 1929 regni
1196 1843 1422 1932 tranquillitatis
1446 1867 1536 1911 causa
1567 1857 1601 1912 ut
1629 1843 1736 1914 dicitis

358 1951 552 2032 desideratis,
575 1973 670 2040 quam
687 1947 775 2039 quod
799 1946 892 2015 nobis
915 1947 1047 2036 dignum
1066 1966 1112 2015 est
1135 1947 1285 2038 quodque
1308 1951 1425 2017 iustum
1443 1962 1504 2032 est,
1529 1951 1734 2020 considerare

358 2058 520 2128 debemus.
567 2057 675 2146 ltaque
706 2068 739 2124 ut
767 2077 884 2122 munus
914 2055 990 2121 recti
1022 2052 1148 2134 iudicis,
1179 2053 1241 2122 hoc
1271 2074 1317 2122 est
1347 2067 1493 2124 nostrum
1524 2078 1731 2146 exequamur,

357 2163 449 2234 rebus
474 2162 624 2232 omnibus
647 2163 680 2228 in
704 2161 761 2228 hac
786 2183 876 2228 causa
900 2172 1022 2227 mature
1045 2158 1192 2227 discussis
1215 2164 1405 2229 sententiam
1429 2161 1636 2249 proferemus.

464 2267 565 2353 Quod
583 2290 661 2336 vero
685 2268 796 2335 attinet
818 2266 945 2334 adeam
967 2285 1087 2354 partem
1112 2265 1285 2334 litterarum
1305 2280 1490 2350 vestrarum,
1513 2269 1546 2334 in
1568 2292 1630 2357 qua
1653 2283 1732 2352 erat,

356 2401 416 2446 vos
439 2377 527 2467 quasi
551 2387 681 2444 coactos
704 2375 824 2440 acriora
848 2372 987 2440 remedia
1010 2395 1078 2439 esse
1102 2374 1298 2455 inventuros,
1327 2372 1489 2442 decentius
1513 2386 1597 2442 certe
1620 2374 1734 2444 fuisset

357 2484 533 2554 Devotioni
557 2483 706 2562 Vestrae,
737 2502 803 2547 non
833 2477 935 2546 modo
965 2477 1049 2545 illam
1073 2479 1233 2560 omisisse,
1262 2479 1318 2548 sed
1342 2503 1383 2546 ne
1407 2482 1562 2567 cogitasse
1589 2480 1734 2570 quidem,

357 2611 605 2681 persuasumque
622 2587 714 2654 nobis
731 2597 789 2668 est,
812 2605 870 2652 vos
887 2583 1069 2652 inconsulto
1085 2607 1161 2672 rege
1185 2585 1226 2652 ita
1242 2587 1411 2674 scripsisse,
1436 2588 1550 2675 quippe
1566 2588 1620 2676 qui
1642 2609 1734 2676 prae-

357 2699 451 2768 stanti
479 2697 511 2763 in
535 2697 643 2763 Deum
673 2712 704 2760 et
733 2691 813 2759 lianc
842 2703 983 2759 sanctam
1010 2688 1127 2758 sedem
1155 2692 1270 2779 pietate
1298 2690 1456 2780 praeditus
1485 2715 1558 2760 curn
1586 2694 1641 2775 sit,
1671 2717 1732 2762 vos

357 2806 465 2894 utique
485 2825 525 2870 eo
542 2800 643 2869 modo
667 2797 802 2867 scribere
826 2821 894 2865 non
910 2797 1114 2886 permisisset.
1152 2796 1239 2864 Nihil
1255 2799 1352 2878 enim,
1375 2796 1462 2887 quod
1485 2801 1525 2866 sit
1540 2822 1558 2865 a
1573 2798 1732 2886 religione

356 2911 551 2990 seiunctum,
581 2903 700 2973 nedum
727 2903 765 2972 ab
796 2904 863 2971 eius
891 2903 1081 2982 Serenitate,
1111 2901 1167 2970 sed
1195 2926 1254 2970 nec
1284 2906 1379 2971 etiam
1406 2927 1423 2970 a
1452 2903 1540 2971 vobis
1571 2903 1733 2994 proficisci

356 3039 452 3106 posse
480 3026 637 3103 putamus.
691 3011 762 3078 Nos
790 3008 934 3099 quidem,
964 3008 1076 3097 quibus
1108 3020 1259 3097 utsupra
1288 3011 1468 3098 scripsimus
1497 3011 1608 3078 Sermi.
1638 3012 1732 3080 istius

356 3121 440 3211 regis
472 3119 618 3208 egregiae
648 3119 780 3184 virtutes
810 3114 1042 3204 singulariaque
1073 3137 1147 3203 erga
1178 3137 1238 3181 nos
1269 3127 1300 3184 et
1330 3115 1410 3183 hanc
1442 3129 1580 3184 sanctam
1610 3115 1733 3185 Sedem

358 3227 469 3296 merita
493 3237 567 3294 sunt
590 3223 766 3304 notissima,
790 3223 941 3289 certiores
958 3243 1015 3288 vos
1039 3219 1286 3304 essevolumus,
1311 3243 1420 3308 regem
1444 3223 1546 3310 ipsum
1563 3224 1675 3289 omnia
1698 3225 1731 3290 in

357 3337 415 3403 hac
438 3355 530 3402 causa
545 3355 563 3400 a
579 3329 671 3399 nobis
695 3339 860 3418 expectare
883 3350 989 3416 posse,
1013 3350 1092 3417 quae
1115 3327 1199 3394 salva
1222 3328 1336 3395 iustitia
1359 3328 1396 3394 ab
1415 3330 1540 3415 optimo
1563 3330 1732 3414 integerri-

357 3463 476 3532 moque
500 3435 656 3506 Pontifice
680 3436 837 3525 expectari
860 3431 987 3502 debent.

463 3546 580 3614 Datum
606 3555 665 3611 etc.

568 3683 675 3740 Leltere
694 3682 720 3736 dl
738 3681 852 3752 Prurcipi
872 3681 924 3734 vol.
943 3695 982 3746 14,
1002 3677 1018 3734 l.
1033 3694 1094 3751 479.
1131 3680 1186 3733 Der
1205 3679 1329 3734 Entwurs
1342 3679 1416 3734 rfihrt
1434 3681 1655 3736 wabrscheinlich
1674 3699 1730 3738 von

463 3777 550 3830 einetn
575 3772 622 3827 der
641 3771 736 3826 beiden
756 3769 896 3824 Kardinue
916 3767 1039 3822 Lorenzo
1058 3767 1137 3822 Pucci
1162 3767 1228 3822 oder
1246 3768 1335 3822 Pietro
1358 3766 1391 3821 de
1410 3768 1513 3822 Accolti
1537 3768 1592 3834 laer,
1616 3769 1658 3824 die
1682 3770 1730 3826 der

462 3861 541 3935 Pupst
562 3861 604 3916 bei
618 3859 764 3930 wichtlgen
777 3857 881 3912 Breven
900 3874 931 3910 zu
944 3857 1011 3911 Rate
1029 3873 1061 3910 zu
1074 3857 1166 3911 ziehen
1186 3855 1294 3928 pflegte.
1331 3855 1356 3909 S.
1370 3855 1411 3910 die
1425 3855 1625 3928 Bemerkungen
1645 3869 1728 3914 uuten

463 3967 492 4006 au
513 3949 558 4004 Nr.
579 3965 610 4022 95
632 3967 675 4003 ant
694 3946 829 4004 Schlusse.
866 3945 924 4000 Aul
941 3945 984 3999 die
1007 3945 1220 4000 selbstbewulste
1238 3947 1299 4012 Art,
1324 3947 1350 3998 in
1368 3945 1485 3999 welcher
1507 3945 1549 3999 die
1568 3963 1621 4000 von
1644 3947 1728 4002 Hein-

462 4037 517 4094 rlcll
532 4037 601 4093 Vlll.
622 4051 812 4110 gewonnenen
825 4035 1023 4090 Universititen
1041 4035 1098 4088 ihre
1111 4019 1260 4088 Sentenzen
1276 4033 1375 4100 lallteu,
1394 4034 1448 4088 und
1465 4034 1511 4088 aul
1521 4034 1573 4088 den
1586 4035 1728 4104 Umstand,

462 4125 517 4184 dala
537 4127 593 4182 slclt
612 4125 688 4180 dabei
708 4123 758 4180 alle
777 4124 824 4178 der
843 4123 957 4195 Angabe
976 4139 1029 4177 uon
1044 4122 1171 4178 Grunden
1190 4123 1373 4194 entsclrlugeu,
1393 4123 1498 4177 machte
1516 4123 1584 4177 auch
1603 4123 1729 4179 Kardinal

462 4213 632 4288 Campegglo
653 4215 678 4268 in
698 4215 786 4270 einetn
805 4211 950 4267 Sclueiben
968 4229 1015 4266 aus
1035 4211 1140 4265 Brussel
1160 4227 1223 4265 vom
1241 4212 1266 4265 8.
1284 4213 1389 4282 August
1411 4227 1471 4281 ¹531
1494 4228 1528 4266 an
1545 4211 1600 4282 jac.
1619 4211 1728 4268 Salviati

461 4301 647 4360 aulnterltsam.
686 4301 834 4368 laentmer,
859 4299 979 4354 Modum.
995 4300 1080 4355 Vatic.
1100 4315 1141 4368 75.
1174 4299 1264 4370 Vergl.
1283 4300 1351 4354 auch
1374 4299 1421 4352 des
1445 4299 1555 4370 Papstes
1574 4288 1727 4372 llusserung

461 4407 550 4466 gagen
572 4389 681 4448 Bennet.
720 4389 793 4444 State
813 4389 911 4460 Papers
930 4388 989 4444 Vll.
1010 4404 1068 4460 ²79·

1010 4569 1073 4651 92.

499 4705 569 4796 Jne.
594 4705 752 4778 Saluiati
776 4731 816 4776 an
841 4707 1090 4797 Campeggio.
1138 4709 1233 4790 Rom,
1258 4727 1309 4774 21.
1333 4706 1481 4775 Olttober
1508 4727 1600 4793 153⁰·

462 4843 638 4922 Mlllrlluupru
665 4865 710 4904 nus
734 4849 790 4904 dam
816 4857 895 4904 ersten
920 4847 1034 4902 Bericbte
1057 4849 1101 4903 des
1127 4847 1239 4902 Nuntius
1262 4849 1294 4902 de
1317 4847 1416 4918 Burgio
1439 4865 1485 4901 atu
1509 4845 1644 4919 Englend:
1668 4847 1724 4901 Der

356 4932 436 5004 ll'uulp
467 4937 595 5006 urtlnupn
622 4937 654 4992 rin
683 4957 703 4991 aa
727 4937 775 4992 «lan
798 4935 869 5012 Pttpsl
896 4939 949 4990 und
972 4937 1015 4990 die
1034 4937 1098 4992 Rota
1113 4938 1164 5006 sair
1178 4937 1316 5009 pattea't'sch
1339 4935 1414 4999 halec,
1440 4935 1621 5007 Rucktvea'smtg
1646 4937 1724 4990 seium
