3850 5534
205 379 276 434 ¹527
294 361 455 418 Deaember.

878 633 911 714 7.

249 841 437 908 Heinrich
462 841 545 909 VIH.
569 863 609 908 an
633 841 814 910 Clemens
838 842 907 910 VH.
955 842 1164 926 Greenwich,
1190 845 1219 910 6.
1236 841 1414 910 Dezember
1441 864 1534 931 1527.

313 1017 498 1091 Entsprechend
516 1019 573 1070 dem
590 1019 778 1083 vorstehenden,
797 1021 843 1071 mit
863 1020 1010 1074 besonderer
1023 1020 1158 1090 Betooung
1176 1021 1222 1072 der
1233 1020 1405 1091 persdnlichen
1419 1019 1579 1091 Angelegen-

202 1107 255 1160 heir
274 1108 317 1161 des
334 1107 442 1178 Konigs.
475 1106 533 1159 Dan
548 1105 732 1176 Schlussabsatq
749 1107 813 1160 atach
830 1108 887 1160 dem
905 1108 1004 1161 Datum
1022 1107 1066 1162 Ital
1083 1107 1117 1161 H.
1136 1107 1206 1161 VIII.
1226 1107 1397 1179 eigerzha'ndig
1413 1108 1579 1178 geschrieben,

203 1213 247 1248 um
266 1195 323 1250 dem
344 1195 433 1267 Papste
449 1196 517 1248 scine
537 1193 763 1264 Scheidungssache
781 1195 849 1248 desto
867 1195 1026 1267 dringlt'clrer
1044 1213 1074 1266 qu
1093 1194 1239 1268 empsehlen.

312 1372 497 1440 Beatissime
520 1371 612 1438 Pater
635 1383 709 1458 post
732 1370 940 1439 humillimam
970 1370 1287 1440 commendationem
1316 1383 1347 1440 et
1374 1371 1579 1439 devotissima

203 1477 324 1568 pedum
358 1472 466 1545 oscula
499 1475 674 1544 beatotum.
726 1477 791 1544 Etsi
823 1476 1005 1560 mallemus,
1038 1489 1112 1566 post
1139 1490 1204 1546 tam
1233 1501 1345 1546 saevos
1374 1477 1514 1545 turbines
1543 1501 1579 1544 ea

202 1583 335 1652 rediisse
358 1595 519 1671 tempora,
543 1581 654 1672 quibus
682 1581 919 1650 acerbissimum
942 1585 1075 1651 Vestrae
1099 1585 1277 1652 Sanctitatis
1305 1583 1452 1651 dolorem
1475 1601 1579 1671 gratu-

202 1690 324 1758 latione
347 1687 459 1756 tollere
476 1713 493 1755 e
517 1699 657 1776 pectore,
681 1711 777 1778 quam
794 1689 1016 1757 consolatione
1035 1688 1096 1756 ulla
1111 1712 1279 1777 possemus
1296 1688 1454 1756 emollire:
1475 1689 1579 1757 filialis

201 1807 314 1864 tamen
338 1805 467 1862 nostrae
490 1791 708 1862 observantiae
733 1817 802 1862 esse
827 1795 1053 1878 existimamus,
1078 1794 1154 1862 dum
1179 1818 1245 1862 non
1270 1795 1327 1862 alia
1350 1796 1472 1864 ratione
1495 1795 1578 1878 licet,

203 1901 327 1969 devoto
351 1898 462 1967 saltem
493 1898 681 1967 consolandi
704 1898 812 1968 officio
836 1923 904 1968 non
928 1900 1054 1983 deesse,
1080 1912 1112 1968 et
1134 1900 1220 1991 quod
1243 1901 1390 1969 libentius
1415 1914 1447 1970 et
1470 1925 1579 1969 cumu-

203 2007 298 2075 latius
321 2017 503 2095 praesentes
526 2017 771 2093 praestaremus,
799 2006 831 2074 id
860 2030 945 2076 nunc
972 2005 1083 2075 litteris
1114 2025 1145 2074 et
1174 2009 1292 2075 nuntiis
1319 2009 1385 2096 pari
1413 2007 1518 2076 studio
1549 2027 1579 2075 et

202 2113 320 2180 affectu
348 2123 515 2200 praestate.
562 2110 769 2200 Magnificum
800 2114 903 2202 itaque
927 2114 1105 2180 Dominum
1131 2113 1323 2202 Gregorium
1348 2113 1506 2182 Casalinm
1535 2113 1579 2180 di-

201 2218 324 2286 lectum
347 2229 493 2286 nostrum
519 2217 732 2285 consiliarium
758 2231 790 2286 et
811 2238 972 2287 oratorem
997 2219 1036 2287 ad
1052 2221 1201 2286 Vestram
1218 2219 1423 2288 Sanctitatem
1445 2221 1579 2308 imprae-

201 2325 306 2392 sentia
329 2324 495 2404 mittimus,
518 2343 587 2392 tum
610 2335 645 2391 ut
668 2347 890 2416 quamcunque
920 2326 982 2393 hoc
1010 2337 1159 2413 tempore
1186 2323 1255 2393 fieri
1283 2327 1398 2414 possit,
1427 2326 1493 2392 istis
1516 2326 1579 2392 heu

201 2430 341 2496 nimium
375 2428 498 2497 afflictis
532 2429 624 2497 rebus
660 2429 917 2499 consolationem
954 2431 1079 2514 afferat,
1111 2451 1180 2499 tum
1213 2433 1327 2515 etiam,
1358 2443 1392 2499 ut
1424 2429 1578 2522 quaedam

202 2537 335 2604 maximi
359 2538 517 2603 momenti
541 2555 572 2603 et
595 2535 706 2627 quibus
730 2535 808 2603 nihil
831 2535 923 2604 nobis
947 2539 1048 2626 magis
1071 2549 1119 2606 est
1142 2537 1241 2617 cordi,
1270 2549 1382 2606 nostro
1406 2539 1538 2604 nomine
1562 2560 1579 2602 a

203 2643 321 2710 Vestra
344 2641 542 2709 beatitudine
571 2640 663 2709 nobis
692 2642 825 2711 concedi
855 2663 886 2711 er
915 2642 1071 2732 indulgeri
1099 2643 1275 2712 humillime
1303 2644 1471 2733 supplicet,
1499 2666 1579 2733 quae

203 2771 280 2816 curn
304 2748 368 2815 sint
390 2746 583 2830 huiusmodi,
606 2760 641 2816 ut
655 2771 761 2816 rerum
778 2751 924 2816 omnium
943 2773 980 2817 ea
996 2751 1133 2817 maxime
1151 2761 1349 2838 exoptemus,
1373 2749 1577 2817 Sanctitatem

203 2855 245 2920 V.
271 2855 386 2921 iterum
403 2864 495 2943 atque
519 2855 632 2921 iterum
651 2853 864 2938 obsecramus,
887 2874 922 2922 ut
945 2856 1018 2924 huic
1041 2875 1154 2924 nostro
1172 2853 1329 2923 desiderio
1355 2856 1578 2944 expectationi-

205 2983 271 3050 que
294 2959 453 3047 dignetur,
477 2960 503 3026 si
520 2983 660 3050 unquam
676 2972 777 3044 antea,
802 2985 887 3029 nunc
910 2964 1093 3049 praesertim
1117 2961 1295 3030 satisfacere
1318 2964 1351 3030 in
1376 2985 1478 3051 eoque
1502 2983 1579 3028 con·

204 3063 352 3133 cedendo
375 3065 637 3154 benignissimam
655 3085 689 3134 ut
712 3067 795 3135 solet
817 3091 851 3134 se
875 3066 1033 3156 praebere.
1073 3069 1148 3150 Qua
1171 3070 1203 3135 in
1225 3091 1260 3136 re
1276 3069 1320 3135 sic
1343 3091 1404 3135 nos
1427 3066 1485 3134 sibi
1501 3067 1578 3134 suis·

203 3195 268 3260 que
298 3171 448 3240 omnibus
478 3173 510 3238 in
541 3191 728 3260 perpetuum
761 3172 936 3255 devinciet,
974 3185 1008 3242 ut
1038 3174 1081 3241 nil
1111 3175 1245 3263 posthac
1281 3175 1314 3240 in
1345 3174 1411 3241 eius
1446 3173 1576 3262 gratiam

204 3288 368 3368 utcunque
396 3277 516 3366 grande
544 3280 714 3346 recusaturi
744 3280 852 3346 simus.
899 3281 937 3347 Et
961 3281 1082 3369 optime
1110 3303 1146 3347 ac
1174 3279 1349 3348 diutissime
1373 3281 1439 3368 ipsa
1467 3279 1577 3346 valeat.

312 3383 357 3450 Ex
380 3384 466 3471 regia
489 3395 598 3451 nostra
622 3383 785 3452 Grenwici
808 3384 859 3452 die
883 3389 913 3452 6.
937 3385 1124 3453 Decembris
1152 3405 1244 3472 1527.

312 3561 498 3628 beatissime
521 3561 622 3628 Patet.
661 3561 838 3649 Negotium
863 3561 936 3644 hoc,
960 3561 1000 3629 de
1017 3585 1082 3650 quo
1099 3561 1299 3651 impetrando
1315 3580 1427 3629 nostro
1443 3562 1576 3628 nomine

202 3667 369 3734 Dominus
392 3666 568 3754 Gregorius
592 3690 665 3734 cum
689 3669 730 3734 V.
755 3668 924 3736 Sanctitate
947 3681 1035 3756 aget,
1065 3679 1155 3735 tanto
1178 3668 1284 3736 studio
1308 3691 1343 3734 ac
1366 3666 1578 3735 sollicitudine

203 3771 296 3839 cordi
321 3771 487 3854 habemus,
516 3784 551 3839 ut
578 3774 603 3838 si
632 3771 726 3840 ullam
755 3797 894 3864 unquam
923 3793 1066 3842 nostram
1095 3797 1224 3863 operam
1255 3793 1308 3841 aut
1336 3772 1485 3841 auxilium
1514 3773 1577 3839 suis
1646 3839 1651 3851 ,

200 3877 256 3946 vel
280 3900 413 3945 suorum
435 3876 529 3946 rebus
552 3879 666 3945 Vestra
689 3879 843 3947 Sanctitas
871 3898 974 3968 optat,
1007 3881 1073 3946 eius
1096 3903 1182 3948 nnnc
1205 3880 1407 3968 potissimum
1435 3877 1578 3966 benigni-

202 4003 306 4051 tatem
331 3985 363 4050 in
387 3983 450 4051 hoc
465 3996 579 4052 nostro
596 3983 772 4053 obtinendo
789 3984 946 4054 desiderio
963 3998 1144 4076 promptam
1160 3985 1346 4076 facilemque
1364 3997 1577 4074 expectemus.

418 4089 453 4156 E.
477 4089 518 4157 V.
542 4090 573 4157 S.

314 4247 550 4316 Devotissimus
572 4268 665 4340 atque
683 4249 988 4340 obsequentissimus
1004 4247 1096 4332 filius,
1119 4250 1181 4318 Dei
1204 4251 1303 4338 gratia
1325 4273 1380 4317 rex
1396 4248 1530 4336 Angliae
1546 4260 1578 4316 et

200 4353 367 4438 franciae,
392 4352 465 4423 fidei
488 4353 638 4424 defensor
660 4379 696 4424 ac
719 4355 869 4424 dominus
893 4355 1063 4424 Hiberniae

1098 4498 1264 4566 Henricus.

1229 4640 1339 4707 Petrus
1362 4638 1502 4706 Vannes.

419 4831 500 4887 Arch
524 4833 609 4888 Vatic.
645 4833 662 4888 l.
691 4851 713 4888 c.
742 4831 759 4887 f.
784 4847 846 4904 234.¹
868 4832 943 4905 OrIg.
985 4833 1037 4888 Die
1062 4832 1229 4888 Buchstaben
1254 4833 1283 4887 E.
1309 4833 1343 4887 V.
1369 4833 1395 4888 S.
1421 4832 1517 4887 stehen
1541 4833 1577 4888 im

231 4945 238 4952 ·
314 4919 436 4992 Original
454 4939 504 4975 vor
522 4921 583 4976 dem
602 4921 816 4994 eigenhr'tndigen
836 4923 945 4976 Zusatze
964 4921 1103 4976 Heinrichs
1123 4921 1194 4976 VIH.
1232 4921 1366 4977 Gedrucltt
1385 4921 1427 4976 bei
1447 4921 1498 4977 Th.
1518 4921 1534 4976 Ι.
1554 4939 1576 4977 c.

315 5026 339 5080 p.
362 5023 411 5082 559
430 5027 455 5063 n.
473 5025 533 5082 991,
553 5010 595 5064 bei
614 5010 720 5066 Pococlt
740 5009 756 5064 Ι.
776 5027 798 5064 c.
818 5011 837 5065 1.
857 5027 882 5084 p.
906 5012 936 5064 18
956 5009 1024 5064 nach
1043 5009 1105 5064 dem
1123 5009 1270 5068 Entwurt'e.
