3810 5528
183 346 246 400 ¹530
264 325 346 386 Mirr..
1487 318 1546 387 ldl

179 515 252 581 quas
276 514 338 559 nos
363 515 435 560 cum
458 489 663 560 libentissime
679 491 866 579 legissemus
890 489 1095 582 ipsorumque
1119 505 1282 562 oratorum
1301 493 1395 562 verba
1418 495 1550 583 diligen-

177 599 298 664 tissime
322 597 561 680 audivissemus,
590 621 647 686 pro
673 618 780 665 nostra
805 621 878 686 erga
901 598 1111 667 Serenitatem
1136 599 1241 666 Tuam
1271 619 1399 687 paterna
1423 603 1549 670 caritate

179 726 300 792 proque
323 705 385 770 tuis
401 705 539 770 vicissim
563 705 596 769 in
613 703 693 770 hanc
715 716 855 770 sanctam
874 704 989 771 Sedem
1015 707 1134 773 meritis
1151 707 1259 772 omnia
1275 706 1334 772 illis
1358 719 1389 774 et
1405 710 1550 775 oratione

181 829 208 876 et
233 831 266 876 re
290 811 512 897 praestitimus
536 807 648 898 quibus
672 810 894 896 intelligerent,
919 832 980 877 nos
1004 811 1080 877 nihil
1104 813 1204 899 magis
1229 835 1354 900 cupere,
1377 837 1471 902 quam
1496 815 1550 882 Se-

181 917 302 982 renitati
318 914 408 982 Tuae
434 917 567 983 honeste
591 937 683 1004 atque
708 939 778 982 cum
804 917 876 983 Deo
901 939 994 1004 posse
1018 916 1192 1005 gratificari.
1240 919 1347 1008 ltaque
1371 943 1444 986 cum
1460 919 1550 987 Tuae

180 1021 344 1088 Serenitati
369 1045 441 1087 cum
465 1023 523 1108 ipsi
543 1019 756 1104 commodius,
781 1035 849 1089 tum
873 1023 910 1089 ad
929 1046 1062 1090 omnem
1086 1047 1153 1091 rem
1177 1023 1333 1112 publicam
1350 1026 1549 1093 christianam

179 1129 274 1194 tutius
299 1129 577 1210 existimassemus,
601 1139 634 1194 ut
657 1127 695 1194 ad
720 1140 840 1194 certum
864 1140 990 1216 tempus
1014 1129 1281 1218 supersederetur,
1306 1150 1348 1212 et,
1375 1133 1401 1198 si
1425 1130 1550 1199 difficile

181 1245 253 1315 erat,
278 1233 373 1300 altera
389 1245 476 1321 parte
500 1235 636 1301 instante
660 1245 752 1322 atque
770 1247 914 1320 urgente,
938 1247 971 1302 ut
988 1235 1223 1323 procederetur,
1247 1248 1436 1304 tamennon
1458 1236 1550 1305 diffisi

181 1362 332 1420 essemus,
357 1362 423 1406 rem
441 1339 555 1406 confici
578 1362 684 1426 posse,
708 1342 733 1405 si
758 1341 814 1427 ipsi
839 1353 981 1408 oratores
998 1364 1013 1406 a
1030 1341 1204 1409 Serenitate
1220 1342 1292 1408 Tua
1310 1342 1437 1432 aliquod
1462 1366 1550 1411 man-

181 1443 287 1512 datum
312 1457 365 1512 aut
380 1446 603 1512 authoritatem
628 1444 818 1526 habuissent,
842 1469 906 1534 quo
923 1448 1206 1534 repromitteretur,
1230 1449 1292 1515 hoc
1315 1460 1386 1516 toto
1402 1459 1548 1537 tempore

181 1553 424 1639 supersessionis
453 1554 485 1617 in
508 1552 565 1618 hac
590 1575 681 1619 causa
709 1551 787 1618 nihil
810 1553 997 1619 innovatum
1027 1554 1078 1636 iri;
1112 1565 1331 1621 verumtamen
1360 1578 1432 1622 cum
1462 1553 1494 1621 id
1516 1579 1551 1622 se

182 1657 365 1724 mandatum
395 1657 509 1724 habere
538 1671 722 1745 negassent,
753 1658 810 1725 sed
832 1670 940 1726 tamen
965 1660 1073 1725 omnia
1096 1683 1194 1748 aequa
1222 1659 1261 1727 de
1285 1661 1415 1744 iustitia,
1444 1661 1551 1729 obser-

182 1765 284 1830 vantia
299 1764 390 1830 Tuae
405 1763 588 1832 Serenitatis
612 1787 686 1852 erga
702 1764 782 1830 hanc
805 1777 946 1832 sanctam
963 1764 1079 1832 Sedem
1099 1763 1156 1832 sibi
1175 1788 1356 1854 proponere
1381 1778 1411 1834 et
1427 1789 1552 1854 sperare

183 1867 405 1952 affirmassent,
435 1882 519 1938 tanta
546 1869 605 1938 fuit
628 1869 788 1956 diligentia
817 1882 924 1937 nostra
947 1882 1095 1959 tantaque
1123 1870 1236 1938 fiducia
1262 1873 1422 1960 gravitatis
1446 1885 1477 1940 et
1500 1897 1552 1940 au·

181 1978 337 2044 thoritatis
361 2000 432 2043 cum
458 1989 637 2044 ceterorum
661 1989 824 2043 oratorum
848 1989 989 2059 tuorum,
1017 1989 1086 2044 turn
1110 1979 1264 2064 imprimis
1288 1977 1392 2046 dilecti
1415 1977 1470 2045 filii
1493 2003 1552 2045 no-

181 2082 247 2148 bilis
272 2083 328 2148 viri
353 2084 479 2149 comitis
503 2081 542 2149 de
562 2083 689 2163 Wilcer‚
713 2095 747 2150 ut
772 2105 883 2150 eorum
900 2083 1002 2150 verbis
1025 2107 1075 2150 res
1096 2083 1299 2172 quadraginta
1323 2086 1461 2173 quinque
1485 2084 1551 2152 dies

180 2189 298 2276 prolata
327 2191 382 2271 sit,
410 2189 497 2279 quod
525 2187 653 2277 quidem
681 2201 807 2276 tempus
835 2191 909 2256 satis
936 2188 1005 2256 fore
1029 2189 1163 2271 videtur,
1192 2189 1267 2257 dum
1298 2192 1413 2258 certior
1441 2190 1480 2258 de
1505 2191 1553 2257 his

180 2294 250 2362 Tua
267 2296 424 2362 Serenitas
440 2294 529 2378 facta,
554 2293 629 2384 quid
651 2317 745 2382 super
762 2295 818 2362 hac
841 2318 875 2362 re
895 2319 968 2362 suae
984 2297 1161 2363 sententiae
1179 2298 1229 2379 sit,
1253 2295 1424 2363 rescribere
1440 2299 1550 2384 possit.

180 2402 250 2468 Nos
274 2403 360 2468 enim
389 2403 414 2467 si
438 2401 696 2482 intellexerimus,
725 2401 907 2469 durantibus
931 2401 1158 2488 prolationibus
1182 2401 1260 2468 nihil
1287 2403 1319 2468 in
1344 2425 1435 2470 causa
1458 2403 1552 2469 inno·

181 2527 287 2574 vatum
304 2508 350 2590 iri,
368 2531 434 2575 non
451 2506 633 2589 diffidimus,
647 2508 722 2596 quin
739 2507 825 2574 alteri
841 2509 931 2595 parti,
944 2507 1062 2574 Carolo
1080 2510 1149 2596 ipso
1165 2529 1232 2574 non
1249 2509 1360 2590 invite,
1373 2507 1552 2576 dummodo

182 2613 219 2682 de
242 2614 306 2681 hoc
335 2615 450 2682 certior
477 2613 576 2681 factus
606 2616 660 2695 sit,
691 2612 878 2701 persuadere
902 2615 1076 2702 possimus,
1105 2627 1230 2681 utrem
1260 2613 1392 2702 proferri
1421 2615 1554 2702 patiatur

180 2719 322 2809 illiusque
346 2719 385 2787 ad
409 2719 488 2787 hanc
512 2743 579 2787 rem
597 2719 751 2808 obsequio
774 2721 858 2786 usuri
881 2722 989 2787 simus.
1036 2721 1131 2787 Nunc
1155 2742 1243 2808 erge,
1268 2721 1327 2788 etsi
1350 2718 1553 2801 confidimus,

182 2829 322 2893 animum
339 2841 484 2894 nostrum
501 2837 667 2914 paternum
684 2848 906 2915 summamque
930 2848 1002 2913 erga
1019 2846 1050 2893 te
1067 2825 1321 2894 benevolentiam
1347 2837 1378 2893 et
1394 2849 1463 2893 esse
1480 2849 1552 2914 pro-

181 2932 282 3000 batam
307 2952 338 3000 et
361 2932 462 3000 indies
486 2933 587 3020 magis
610 2931 776 3026 probatum
800 2933 847 3010 iri,
871 2944 977 2999 tamen
996 2933 1088 2999 etiam
1114 2951 1207 3021 atque
1231 2934 1323 3000 etiam
1341 2934 1382 2998 -in
1406 2933 1551 2999 Domino

182 3038 390 3106 Serenitatem
406 3039 512 3106 Tuam
536 3038 710 3118 hortamur,
735 3050 768 3105 ut
791 3039 954 3105 suasiones
978 3049 1101 3105 nostras
1124 3038 1417 3128 amantissimasque
1440 3037 1553 3105 adhor-

182 3146 318 3213 tationes
342 3144 507 3232 diligenter
531 3143 731 3211 considerare
754 3143 844 3224 velit,
869 3167 945 3232 quas
969 3167 1040 3210 cum
1066 3144 1231 3231 singularis
1255 3145 1388 3213 caritatis
1412 3143 1553 3232 plenissi-

182 3274 248 3318 mas
264 3251 428 3339 intelliget,
452 3264 520 3318 tum
538 3252 723 3338 prospiciet,-
744 3249 781 3316 ad
798 3249 986 3337 religionem
1012 3249 1265 3338 amplificandam
1282 3273 1553 3338 communemque

182 3358 425 3425 christianorum
457 3356 711 3445 tranquillitatem
745 3354 895 3423 tuendam
930 3359 1067 3423 maxime
1099 3357 1266 3444 pertinere.
1319 3356 1412 3437 Quae
1445 3357 1554 3422 omnia

182 3487 253 3531 cum
278 3465 457 3551 principum
481 3461 653 3530 concordia
678 3486 715 3529 ex
740 3485 854 3550 magna
884 3482 971 3549 parte
996 3463 1228 3544 contineantur,
1259 3462 1395 3528 maxime
1420 3459 1554 3528 disiunc-

182 3571 270 3637 tione
294 3582 347 3636 tua
371 3568 408 3635 ab
430 3570 499 3657 ipso
525 3568 643 3636 Carolo
667 3567 842 3635 labefactari
866 3591 997 3635 necesse
1021 3579 1085 3650 est;
1116 3569 1220 3657 itaque
1245 3579 1276 3635 et
1298 3579 1390 3636 antea
1412 3566 1554 3634 studiose

182 3699 313 3764 operam
342 3674 497 3758 dedimus,
527 3686 557 3742 et
581 3674 643 3741 hoc
670 3686 817 3762 tempore
841 3673 918 3740 nihil
947 3673 1029 3740 aliud
1059 3671 1248 3755 laboramus,
1276 3696 1370 3762 quam
1394 3683 1429 3740 ut
1452 3684 1554 3740 vestra

183 3783 345 3849 intervos
373 3783 471 3869 gratia
494 3780 760 3870 necessitudoque
788 3779 936 3847 inviolata
960 3792 1158 3868 permaneat,
1187 3778 1273 3869 quod
1297 3797 1332 3846 ut
1362 3778 1464 3846 adhuc
1487 3779 1555 3846 Do-

183 3890 258 3955 mini
275 3887 469 3975 benignitate
487 3889 649 3954 consecuti
672 3909 792 3968 sumus,
816 3887 858 3952 ita
873 3897 908 3953 ut
922 3885 1054 3972 posthac
1075 3887 1227 3974 consequi
1242 3887 1413 3974 possimus,
1439 3883 1553 3952 eodem

183 3994 328 4060 Domino
351 3995 478 4061 iuvante
502 4017 569 4060 non
593 3991 774 4060 diffidimus.
813 3991 918 4060 Tuam
936 4015 1013 4059 vero
1033 3992 1243 4060 Serenitatem
1266 3991 1441 4074 hortamur,
1465 4004 1498 4058 ut
1521 4016 1556 4058 se

183 4101 221 4168 ad
235 4101 319 4168 hanc
342 4123 409 4167 rem
427 4098 547 4167 facilem
573 4121 828 4188 propensamque
851 4097 1007 4187 praebeat,
1031 4122 1091 4188 qua
1107 4097 1251 4187 profecto
1275 4099 1396 4166 neerei
1415 4096 1556 4185 publicae

184 4207 369 4276 christianae
393 4205 609 4288 salubriorem,
634 4229 693 4272 nec
716 4205 868 4293 sapientia
891 4205 1069 4294 pietateque
1092 4228 1147 4272 sua
1164 4203 1343 4292 digniorem
1367 4202 1463 4270 ullam
1487 4227 1556 4270 um-

183 4335 275 4402 quam
293 4315 438 4402 reperiet.
478 4314 527 4380 De
548 4312 610 4379 tuis
626 4323 731 4380 autem
749 4313 891 4392 monitis,
915 4334 994 4400 quae
1014 4334 1120 4378 cuma
1137 4310 1247 4378 ceteris
1272 4308 1449 4377 oratoribus
1465 4309 1555 4375 Tuae

184 4419 376 4501 SerenitatiS,
399 4431 468 4486 tum
492 4421 658 4507 praecipue
682 4442 699 4485 a
723 4417 884 4506 praedicto
909 4422 1037 4499 comite,
1062 4417 1114 4506 qui
1139 4429 1171 4483 et
1193 4439 1247 4482 sua
1271 4414 1437 4504 prudentia
1461 4426 1492 4481 et
1516 4438 1556 4482 eo

184 4525 266 4608 loco,
296 4549 393 4614 quem
416 4524 498 4614 apud
522 4537 553 4592 te
577 4524 714 4606 obtinet,
737 4523 827 4591 valde
851 4522 944 4590 nobis
975 4537 1081 4611 gratus
1106 4533 1314 4610 acceptusque
1339 4518 1410 4602 fuit,
1434 4520 1473 4586 ad
1495 4543 1556 4588 nos

186 4635 299 4722 perlata
315 4652 398 4714 sunt,
414 4643 598 4720 perpetuam
615 4630 796 4699 Serenitatis
813 4630 903 4696 Tuae
920 4629 1107 4717 religionem
1124 4630 1337 4716 pietatemque
1353 4627 1556 4713 agnoscimus

186 4762 378 4828 operamque
402 4737 503 4804 daturi
530 4760 651 4819 sumus,
678 4749 713 4804 ut
737 4759 809 4803 cum
840 4738 934 4804 ceteri
963 4758 1088 4817 omnes,
1116 4755 1184 4802 turn
1215 4733 1370 4821 imprimis
1398 4731 1557 4799 Serenitas

186 4845 255 4913 Tua
288 4865 432 4912 mentem
465 4855 605 4911 nostram
640 4841 817 4910 collaudare
849 4843 965 4909 merito
999 4842 1107 4930 possit.
1154 4838 1255 4921 Quod
1286 4861 1363 4906 veto
1395 4837 1435 4905 de
1464 4837 1557 4906 rebus

187 4952 402 5020 ecclesiasticis
433 4949 470 5016 ad
502 4973 562 5015 nos
593 4949 744 5037 perlatum
779 4960 840 5028 est,
874 4947 904 5015 id
936 4971 1050 5034 magna
1082 4971 1152 5014 cum
1186 4947 1281 5011 animi
1314 4947 1413 5012 nostri
1444 4945 1557 5013 laetitia
