3824 5528
339 225 402 288 206
1423 235 1490 292 Acta
1510 237 1707 292 consistorialia.

338 399 502 466 decretum
526 397 592 482 suit,
616 398 704 488 quod
728 401 760 466 in
783 399 888 488 primo
908 399 1099 468 consistorio
1124 421 1239 466 omnes
1257 399 1321 466 RR.
1347 398 1409 465 mei
1434 397 1579 464 intersint
1603 409 1634 464 et
1657 395 1707 463 de·

338 504 408 573 beat
431 506 555 572 tractari
578 517 653 572 tunc
678 504 718 573 de
742 508 803 572 isto
827 508 960 592 negotio
985 518 1015 573 et
1039 527 1094 594 per
1117 516 1192 572 vota
1216 527 1328 572 eorum
1353 502 1491 584 decerni,
1515 500 1589 591 quid
1614 525 1707 589 agen·

338 609 415 678 dum
438 633 532 700 super
556 611 739 679 huiusmodi
762 612 927 700 petitione,
953 624 985 680 et
1008 611 1155 679 concludi
1179 610 1218 678 de
1243 612 1453 699 responsione
1476 608 1578 676 danda
1601 608 1708 676 litteris

338 717 465 806 praesnti
489 719 582 805 regis.
631 717 683 804 (B.
709 717 728 784 s.
755 717 848 808 285.)

444 823 566 892 Romae
594 823 645 891 die
674 826 798 892 veneris
827 824 945 891 XXIII.
975 824 1151 892 decembris
1182 845 1193 890 1
1202 843 1217 910 5
1225 844 1265 910 30
1295 821 1352 891 luit
1380 824 1510 890 consist.
1541 832 1707 888 secretaun.

337 931 477 998 Fuemnt
506 953 562 1019 per
590 931 718 999 Rmum.
748 931 868 998 Dnum.
899 953 1008 998 meum
1037 929 1077 998 de
1106 930 1188 998 Cibo
1211 930 1311 998 lectae
1340 929 1460 997 litterae
1483 929 1595 995 Senni.
1628 928 1709 1012 regis

338 1036 471 1124 Angliae
495 1036 631 1104 directae
647 1036 809 1104 Sanctm0.
827 1037 868 1104 D.
885 1037 927 1104 N.
951 1036 1008 1104 sub
1032 1035 1102 1104 data
1127 1059 1156 1124 7.
1175 1034 1242 1126 (6.)
1266 1036 1358 1104 huius
1381 1035 1500 1102 mensis
1524 1032 1709 1114 decembris,

338 1145 562 1232 conquerentis
594 1141 745 1224 multum,
774 1141 860 1232 quod
891 1166 957 1210 non
987 1143 1125 1231 potuerit
1153 1167 1169 1210 a
1199 1141 1370 1210 Sanctitate
1400 1141 1462 1209 Sua
1490 1139 1635 1207 obtinere
1663 1161 1709 1205 re·

338 1251 525 1318 missionem
550 1248 588 1316 ad
612 1268 715 1336 partes
744 1272 855 1317 causae
878 1251 1029 1316 vertentis
1053 1272 1148 1337 super
1170 1248 1380 1316 dissolutione
1411 1247 1606 1314 matrimonii
1630 1247 1710 1313 inter

337 1359 440 1445 ipsum
457 1355 615 1423 Sermum.
640 1377 750 1443 regem
775 1369 916 1424 actorem
940 1379 978 1422 err
995 1379 1055 1423 una
1080 1368 1112 1423 et
1127 1356 1282 1422 Sermam.
1307 1357 1449 1441 reginam
1466 1351 1600 1438 Angliae
1626 1375 1709 1418 ream

338 1463 509 1542 exaltem,
539 1474 569 1529 et
593 1460 633 1529 de
657 1485 745 1529 novo
769 1461 875 1529 multis
906 1461 1078 1530 rationibus
1107 1464 1200 1549 petit,
1230 1461 1348 1528 remitti
1376 1459 1491 1527 dictam
1522 1481 1648 1526 causam
1672 1457 1709 1524 ad

337 1581 440 1657 partes
465 1566 529 1634 illas
553 1568 643 1654 regni
667 1567 810 1654 Angliae.
853 1567 978 1649 Quibus
1002 1567 1090 1638 lectis
1114 1567 1190 1634 nihil
1214 1589 1308 1655 super
1331 1579 1444 1634 tenore
1469 1567 1606 1653 ipsarum
1632 1563 1710 1630 litte-

337 1697 441 1742 rarum
465 1672 524 1741 fuit
546 1673 738 1754 discussum,
769 1696 872 1762 neque
903 1673 973 1741 data
1002 1686 1091 1756 vota,
1120 1672 1176 1740 sed
1204 1696 1259 1762 per
1288 1673 1483 1740 Sanctmum.
1513 1671 1554 1737 D.
1583 1671 1626 1738 N.
1654 1669 1710 1736 fuit

337 1779 468 1862 dictum,
492 1778 579 1868 quod
603 1780 633 1844 in
659 1777 768 1846 futuris
797 1779 994 1846 consistoriis
1019 1779 1081 1846 hoc
1105 1781 1272 1867 negotium
1301 1778 1340 1846 de
1369 1775 1596 1867 respondendo
1625 1799 1711 1864 prae-

338 1885 406 1954 latis
430 1886 540 1954 litteris
562 1897 745 1954 tractaretur
769 1909 841 1954 cum
866 1909 991 1953 summa
1016 1885 1271 1954 consideratione
1296 1897 1327 1952 et
1351 1887 1557 1952 naaturitate.²

442 1990 568 2060 Deinde
591 2015 647 2080 per
671 1991 874 2060 Sanctitatem
900 1991 996 2059 Suam
1020 1991 1146 2060 suerunt
1170 1993 1322 2080 exquisita
1345 2003 1418 2058 vota
1441 2013 1536 2078 super
1558 1990 1711 2056 relatione

338 2097 416 2166 facta
440 2120 495 2186 per
519 2096 556 2165 R.
581 2098 621 2164 D.
646 2096 777 2164 Paulum
802 2096 841 2164 de
866 2098 1043 2185 Capisucco
1068 2099 1100 2164 in
1125 2098 1328 2179 consistorio,
1357 2095 1444 2186 quod
1467 2095 1524 2163 fuit
1548 2095 1599 2163 die
1623 2095 1710 2162 XIV.

338 2204 430 2272 huius
446 2205 565 2270 mensis
582 2202 621 2270 de
638 2226 729 2270 causa
746 2201 881 2292 praefata
898 2203 1122 2271 matrimoniali
1139 2203 1315 2291 Anglicana
1331 2204 1412 2270 inter
1429 2201 1585 2290 praelatos
1602 2223 1711 2288 regem

338 2322 370 2379 et
392 2311 546 2397 reginam,
569 2309 641 2398 quia
664 2321 885 2398 procuratores
909 2311 1005 2398 ipsius
1029 2311 1155 2398 reginae
1178 2309 1344 2391 instabant,
1368 2321 1402 2376 ut
1426 2307 1619 2375 inhiberetur
1642 2331 1711 2394 spe·

338 2415 455 2484 cialiter
478 2437 534 2503 per
556 2414 651 2482 breve
668 2415 846 2482 Sanctitatis
863 2415 943 2483 Suae
967 2417 1090 2505 primati
1115 2415 1353 2505 archiepiscopo
1370 2415 1590 2482 Cantuariensi
1615 2415 1711 2500 ipsius

338 2523 428 2610 regni
445 2521 588 2608 Angliae,
612 2520 699 2610 quod
716 2520 803 2588 nullo
820 2533 913 2608 pacto
937 2545 971 2589 se
988 2523 1181 2589 immisceret
1204 2521 1306 2590 dictae
1323 2545 1443 2604 causae,
1467 2544 1541 2588 cum
1561 2521 1601 2586 sit
1617 2519 1711 2606 appli-

338 2641 404 2696 cata
428 2645 459 2694 et
480 2640 610 2694 avocata
631 2626 793 2695 Sanctitati
817 2627 897 2696 Suae
928 2641 958 2695 et
983 2650 1072 2695 sacro
1102 2628 1312 2710 consistorio;
1336 2649 1464 2694 necnon
1488 2625 1645 2694 instabant
1665 2647 1712 2691 re-

336 2735 430 2821 ginae
445 2732 584 2801 Sermae.
602 2745 833 2822 procuratores,
858 2732 944 2822 quod
967 2733 1007 2801 de
1031 2756 1119 2802 novo
1143 2757 1199 2823 per
1222 2733 1317 2801 breve
1336 2733 1514 2801 Sanctitatis
1530 2732 1612 2799 Suae
1636 2755 1712 2798 con·

337 2837 536 2906 firmarentur
560 2862 675 2906 omnes
698 2840 897 2926 provisiones
922 2852 953 2906 et
977 2839 1180 2907 inhibitiones
1204 2839 1356 2908 hactenus
1380 2839 1512 2906 nornine
1533 2838 1713 2906 Sanctitatis

337 2945 418 3012 Suae
442 2943 539 3012 factae
564 2944 707 3032 praelatis
724 2943 873 3012 omnibus
897 2943 970 3012 dicti
988 2947 1077 3032 regni
1101 2968 1157 3032 per
1173 2945 1209 3013 R.
1227 2946 1268 3012 D.
1289 2943 1448 3012 auditores
1464 2945 1577 3024 Rotae,
1601 2942 1712 3032 quibus

337 3049 530 3118 auditoribus
554 3049 610 3118 suit
634 3051 855 3132 commissum,
878 3063 912 3118 ut
935 3051 1145 3139 procederent
1177 3053 1208 3117 in
1233 3053 1298 3140 ipsa
1322 3073 1413 3118 causa
1436 3049 1550 3117 auditis
1574 3048 1711 3136 partibus

338 3169 369 3224 et
392 3156 544 3225 referrent
567 3157 648 3224 Suae
672 3157 834 3224 Sanctitati
859 3168 890 3223 et
914 3179 1004 3224 sacro
1030 3158 1232 3226 consistorio.
1280 3156 1439 3226 Instabant
1464 3158 1558 3224 etiam
1583 3158 1711 3242 reginae

337 3262 512 3350 praedictae
536 3275 772 3351 procuratores,
800 3262 887 3351 quod
911 3262 1104 3331 inhiberetur
1135 3265 1202 3352 regi
1231 3261 1370 3352 praefato
1399 3262 1535 3344 Sermo,
1567 3285 1609 3328 ne
1637 3283 1709 3328 curn

337 3367 393 3435 alia
417 3369 548 3436 muliere
577 3381 608 3436 et
631 3370 797 3456 praecipue
826 3392 898 3436 cum
923 3366 1058 3458 quadam
1082 3370 1164 3436 Dna.
1189 3370 1283 3436 Anna
1307 3369 1500 3437 cohabitaret
1532 3387 1564 3435 et
1587 3389 1712 3436 contra·

338 3475 427 3542 heret
454 3473 585 3542 durante
615 3497 705 3542 causa
735 3487 766 3541 et
789 3472 842 3540 lite
871 3472 1045 3562 pendente,
1074 3487 1105 3542 et
1128 3477 1154 3542 si
1183 3474 1288 3542 forsan
1317 3475 1519 3542 contraheret
1543 3497 1617 3542 cum
1646 3475 1710 3561 ipsa

337 3581 430 3648 Anna
453 3579 502 3647 vel
531 3603 602 3647 cum
634 3579 734 3668 aliqua
761 3579 818 3646 alia
843 3579 983 3662 muliere,
1013 3581 1099 3670 quod
1131 3583 1369 3649 matrimonium
1400 3592 1483 3648 esset
1511 3579 1647 3662 nullum;
1681 3593 1711 3647 et

337 3685 479 3754 similiter
510 3685 702 3753 inhiberetur
734 3685 851 3752 eodem
884 3686 984 3754 modo
1018 3686 1119 3755 dictae
1149 3689 1261 3756 Annae
1295 3687 1470 3776 specialiter
1501 3699 1532 3754 et
1562 3685 1711 3753 omnibus

338 3790 519 3858 mulieribus
548 3811 619 3872 etc,
651 3804 682 3858 et
709 3803 783 3879 post
813 3791 911 3859 multa
939 3805 1017 3860 voto
1048 3793 1215 3861 Rmorum.
1247 3792 1305 3861 fuit
1335 3793 1542 3861 deliberatum
1574 3805 1605 3859 et
1636 3815 1711 3858 con·

338 3895 470 3978 clusum,
494 3895 581 3985 quod
605 3895 857 3964 concederentur
880 3920 935 3985 per
959 3897 1062 3964 brevia
1083 3899 1164 3966 Suae
1180 3899 1358 3966 Sanctitatis
1382 3899 1492 3966 omnia
1507 3899 1613 3986 petita,
1638 3921 1710 3966 cum

338 4023 482 4070 consona
507 4003 573 4068 iuri.
622 4001 673 4089 (B.
699 4001 718 4068 f.
745 4001 858 4090 288.)³

443 4239 452 4268 ¹
471 4230 527 4284 Das
546 4221 758 4301 entspr'echerde
777 4231 921 4286 Schreiben
941 4231 1079 4286 Heinrichs
1099 4251 1132 4286 an
1151 4234 1203 4287 den
1217 4233 1297 4305 Papst
1317 4233 1399 4288 selbst
1418 4233 1512 4288 darien
1532 4233 1629 4288 bereits
1647 4249 1709 4287 vona

337 4300 449 4424 pnllpril
465 4315 539 4370 1530·
577 4301 602 4424 bi.
623 4301 693 4354 oben
703 4301 754 4423 kdie
766 4301 973 4426 Bemerlgungcgp
989 4321 1019 4427 pp
1039 4303 1085 4427 ill·
1092 4305 1140 4427 cpb.
1166 4305 1208 4427 dln
1226 4303 1272 4428 dgr
1285 4302 1446 4429 Fassunglz
1463 4303 1479 4357 l.
1494 4319 1546 4427 l179
1565 4303 1709 4428 istdglgigh

348 4387 405 4438 as,
430 4387 510 4424 wenn
537 4387 604 4424 auci
630 4389 678 4424 nur
720 4389 776 4438 urz,
796 4388 848 4426 von
887 4389 915 4426 er
976 4390 1026 4428 ce
1075 4389 1138 4438 ee,
1184 4391 1212 4428 er
1260 4385 1399 4430 rotonotar
1447 4391 1519 4428 asae
1544 4392 1594 4428 nar
1654 4391 1710 4428 aer

338 4439 503 4564 {ellpplensgs
522 4441 625 4566 ἓόαεαΙίε
649 4451 779 4513 germunt,
804 4441 836 4496 da
856 4461 884 4496 er
902 4443 1014 4497 Bischof
1030 4461 1082 4497 von
1104 4443 1215 4499 Belluno
1234 4463 1298 4499 war.
1336 4445 1427 4517 Vergl.
1448 4445 1546 4510 Heine,
1572 4445 1659 4499 Briese
1678 4463 1709 4498 an

364 4528 392 4564 ar
442 4555 456 4575 .‚
497 4553 502 4566 .
558 4555 565 4567 .

444 4588 454 4619 ¹
473 4572 546 4636 Uber
569 4581 615 4636 das
639 4582 782 4637 Schreiben
807 4583 946 4638 Heinrichs
959 4583 1030 4639 VIII.
1050 4601 1113 4639 vom
1133 4585 1157 4640 6.
1177 4585 1328 4640 Dezember
1349 4601 1417 4656 ¹530
1440 4585 1492 4640 und
1516 4587 1558 4640 die
1578 4585 1708 4640 verschIe·

338 4651 424 4705 denen
444 4652 581 4707 Entwt'rrle
600 4671 645 4706 zur
664 4653 875 4738 Beantwortung
893 4655 1032 4738 desselben
1052 4655 1136 4726 vergl.
1156 4657 1226 4712 oben
1245 4656 1271 4711 S.
1294 4657 1351 4730 169.
1666 4663 1670 4672 ’

445 4723 499 4777 ³8.
519 4723 589 4776 oben
607 4723 654 4779 Nr.
674 4725 707 4806 98
726 4723 773 4778 das
791 4723 965 4780 Monrtonum
984 4742 1047 4780 vom
1070 4743 1091 4794 5.
1110 4725 1207 4798 Januar
1222 4743 1297 4796 1531,
1317 4727 1436 4782 welches
1455 4727 1576 4798 offenbar
1595 4745 1642 4782 aus
1661 4729 1709 4782 den

340 4791 507 4862 Eeratungen
531 4793 578 4847 des
597 4793 808 4848 Xonsrstoriums
827 4811 890 4850 vom
915 4811 955 4866 23·
980 4796 1130 4851 Dezember
1154 4797 1397 4869 hervorgegangen
1420 4799 1461 4853 ist.
1499 4789 1572 4853 Uber
1596 4799 1638 4853 die
1662 4799 1708 4852 ue-

338 4861 494 4934 mt'thungen
509 4863 655 4925 Heinrichs,
676 4864 718 4917 die
737 4865 822 4919 Sache
841 4883 894 4920 ron
914 4883 1010 4921 neuem
1029 4867 1096 4922 nach
1111 4867 1240 4940 England,
1261 4869 1314 4922 und
1334 4889 1404 4922 zuar
1424 4887 1472 4922 vor
1491 4870 1542 4924 den
1557 4868 1713 4924 Erzbischol
