3782 5532
319 227 361 291 60
1469 240 1590 296 Olnober
1612 242 1686 310 1528.

319 419 350 467 et
373 400 521 489 consigli‚
551 401 609 468 che
633 399 661 468 le
685 399 782 469 havea
812 399 875 468 dati
902 402 935 467 in
957 424 1025 468 non
1047 420 1152 469 rentar
1175 411 1283 490 questa
1306 401 1357 467 via
1385 399 1436 467 del
1458 399 1575 468 iudicio
1600 412 1632 469 et
1655 399 1686 467 di

318 509 510 575 contentarsi
535 529 596 574 con
625 530 686 574 una
711 519 793 574 casta
820 505 1020 594 professione
1050 507 1082 573 di
1106 508 1210 574 vivere
1238 507 1270 572 in
1294 506 1423 574 servitio
1452 506 1484 574 di
1506 507 1571 574 Dio
1595 517 1628 574 et
1653 507 1687 572 in

316 612 505 701 tranquillitd
528 611 578 680 del
607 614 714 680 animo
745 625 776 681 et
799 611 880 680 della
907 614 1101 680 conscientia
1123 636 1193 694 sua,
1226 635 1290 680 con
1312 611 1432 680 satisfar
1454 636 1471 678 a
1494 612 1559 679 Dio
1583 623 1614 678 et
1637 611 1687 678 alli

318 720 442 787 homini
470 731 502 788 et
529 720 790 809 principalmente
818 719 875 787 alla
897 719 1086 808 tranquillini
1117 717 1147 786 di
1171 731 1283 808 questo
1308 742 1409 806 regno
1434 737 1465 786 et
1488 717 1537 786 del
1560 740 1609 800 re,
1637 716 1687 784 dal

317 825 407 914 quale
436 848 487 892 era
510 849 567 912 per
596 825 709 892 havere
737 837 820 893 tutto
848 824 954 913 quello
983 825 1041 892 che
1072 848 1197 913 sapesse
1227 823 1421 891 domandare
1443 842 1478 891 ut
1500 846 1603 912 supra.
1648 823 1688 890 Et

317 930 392 998 dissi
415 930 517 998 multo
540 931 761 1019 lungamente,
785 943 816 998 et
839 930 986 999 havendo
1015 932 1047 998 io
1071 929 1162 998 finito
1194 929 1313 1018 replico
1336 929 1550 1011 Eboracense,
1579 953 1631 996 ma
1653 931 1687 996 in

316 1035 422 1125 lingua
444 1037 584 1125 inglese,
614 1048 646 1104 et
672 1035 728 1104 alla
756 1035 820 1103 fine
848 1037 875 1103 si
898 1036 1104 1124 inginocchib
1133 1035 1190 1102 alla
1212 1037 1320 1122 regina
1350 1047 1381 1102 et
1403 1057 1459 1123 per
1487 1057 1565 1122 gran
1589 1057 1686 1123 pezzo

317 1143 457 1232 pregolla
484 1155 515 1210 et
537 1141 719 1231 supplicolla
748 1141 787 1210 ad
810 1165 881 1209 usar
904 1144 1006 1231 questi
1033 1141 1131 1210 buoni
1156 1140 1289 1230 consigli
1318 1155 1349 1209 et
1371 1141 1398 1207 la
1427 1140 1532 1208 buona
1556 1141 1687 1207 volonta

317 1246 368 1315 del
390 1271 424 1316 re
448 1249 479 1315 in
496 1248 631 1331 honore,
655 1248 831 1316 commodo
852 1260 884 1316 et
899 1247 973 1317 utile
995 1271 1065 1331 suo,
1088 1271 1165 1336 pure
1188 1249 1221 1314 in
1237 1247 1342 1335 lingua
1358 1247 1500 1336 Anglica.
1539 1247 1577 1314 Et
1592 1248 1623 1312 S.
1640 1247 1686 1312 M.

317 1355 449 1442 rispose,
473 1355 531 1422 che
546 1356 642 1426 niuna
666 1377 740 1421 cosa
757 1377 807 1421 era
831 1377 887 1443 per
903 1353 966 1422 lare
989 1355 1022 1421 in
1038 1353 1230 1422 dannatione
1252 1352 1323 1420 dell'
1339 1353 1445 1420 anima
1467 1376 1522 1420 sua
1538 1376 1560 1419 o
1576 1369 1687 1419 contra

316 1459 344 1526 la
360 1460 453 1548 legge
477 1460 508 1527 di
524 1461 599 1542 Dio,
625 1472 656 1528 et
678 1459 737 1528 che
760 1461 839 1527 saria
863 1484 925 1528 con
948 1460 968 1527 li
992 1461 1063 1528 suoi
1087 1459 1265 1548 consiglieri
1291 1473 1321 1527 et
1344 1461 1398 1547 poi
1415 1459 1498 1526 daria
1520 1460 1685 1547 risposta«.

316 1567 355 1633 Et
378 1565 465 1656 dopo
489 1568 590 1656 questi
616 1568 851 1655 ragionamenti
880 1567 923 1655 gli
946 1566 1005 1634 feci
1034 1567 1161 1654 leggere
1185 1565 1234 1633 dal
1257 1567 1324 1633 mio
1353 1567 1522 1633 secretario
1548 1564 1576 1632 la
1604 1564 1687 1632 bolla

317 1671 396 1739 della
419 1674 648 1740 commissione
673 1672 753 1740 della
769 1696 870 1756 causa,
896 1673 954 1740 che
970 1675 1042 1741 tutti
1065 1671 1237 1740 l’odirono.
1286 1670 1489 1739 »Vederemo
1505 1664 1610 1761 quello
1627 1671 1685 1739 che

317 1777 573 1866 consiglieranno
589 1779 620 1846 S.
638 1779 694 1861 M„
719 1791 750 1846 et
766 1778 872 1868 quello
890 1778 948 1848 che
965 1779 1022 1847 ella
1046 1778 1174 1868 pigliera
1197 1776 1268 1846 delli
1286 1778 1430 1866 consigli,
1454 1777 1576 1845 benche
1592 1799 1686 1844 come

317 1881 349 1950 di
371 1906 464 1973 sopra
492 1884 535 1952 ho
560 1884 659 1967 detto,
688 1908 755 1952 non
782 1885 865 1952 vedu
893 1887 942 1952 sin
965 1887 1033 1974 qui,
1063 1886 1121 1952 che
1145 1885 1228 1951 l’una
1251 1895 1338 1972 parte
1361 1907 1383 1950 0
1407 1883 1504 1950 l'altra
1533 1885 1560 1950 si
1581 1883 1688 1970 voglia

316 1989 475 2078 plegare«.

422 2095 539 2183 Signor
562 2098 640 2178 mie,
663 2119 720 2185 per
734 2109 814 2164 tutta
837 2110 945 2186 questa
967 2097 1105 2180 historia,
1130 2098 1213 2164 ch’io
1230 2099 1334 2164 scrivo
1358 2094 1389 2163 di
1405 2118 1502 2162 mano
1526 2096 1558 2161 in
1578 2117 1684 2176 mano,

318 2201 435 2268 Vostra
459 2201 606 2290 Signoria
628 2201 708 2270 vede
736 2205 825 2293 quasi
848 2227 910 2270 con
939 2203 981 2292 gli
1005 2203 1113 2284 occhi,
1142 2204 1173 2269 in
1197 2202 1255 2270 che
1279 2203 1414 2269 termine
1442 2223 1525 2268 sono
1549 2200 1577 2266 le
1599 2223 1685 2282 cose,

317 2317 349 2374 et
375 2329 488 2374 »come
512 2309 544 2374 io
568 2311 611 2374 mi
634 2321 740 2392 trov0,
769 2320 801 2377 et
822 2308 851 2377 le
875 2308 1025 2377 difficulta
1048 2321 1080 2378 et
1102 2309 1232 2397 pericoli
1262 2308 1321 2376 che
1344 2309 1372 2374 ci
1396 2329 1489 2374 sono.
1535 2305 1684 2394 Supplico

317 2411 346 2480 di
371 2435 492 2495 nuov0‚
522 2413 580 2481 che
608 2413 830 2482 scrivendome
858 2417 958 2482 scriva
985 2415 1116 2504 qualche
1147 2413 1333 2482 risolutione
1360 2412 1475 2480 buona.
1522 2413 1622 2479 Etiam
1651 2435 1684 2478 se

316 2543 383 2586 non
400 2519 534 2602 volesse,
558 2518 716 2587 risolvessi
739 2534 852 2609 questo
875 2521 1002 2603 iudicio,
1026 2522 1051 2587 si
1074 2519 1227 2609 potrebbe
1243 2519 1416 2610 procedere
1441 2516 1602 2600 condire,
1626 2517 1685 2584 che

315 2625 343 2692 le
360 2626 439 2713 parti
463 2648 529 2692 non
553 2626 578 2692 si
595 2628 845 2709 contentassino,
870 2628 965 2695 oche
990 2650 1056 2694 non
1080 2651 1205 2715 paresse
1229 2627 1366 2694 honesto
1383 2649 1400 2692 a
1416 2623 1467 2692 chi
1490 2623 1553 2692 ode
1576 2636 1686 2713 questa

317 2753 400 2812 cosa,
425 2729 484 2797 che
508 2729 565 2796 ella
588 2731 614 2798 si
637 2730 745 2799 decida
770 2733 821 2821 qui
846 2733 897 2800 nel
920 2755 1033 2820 regno,
1065 2743 1096 2800 et
1119 2735 1185 2799 cosl
1209 2755 1275 2799 non
1299 2731 1343 2820 gli
1366 2730 1543 2800 concedere
1566 2733 1608 2796 ne
1631 2752 1685 2795 ne·

316 2858 390 2924 gare
414 2838 446 2902 in
470 2847 553 2904 tutto
577 2836 650 2925 quel
678 2836 736 2904 che
759 2839 785 2904 si
814 2837 969 2920 desidera,
998 2861 1050 2905 rna
1073 2839 1132 2905 che
1154 2839 1216 2905 Sua
1239 2838 1359 2907 Santitb
1386 2837 1413 2904 la
1436 2835 1560 2905 volesse
1584 2834 1685 2902 deter-

316 2942 436 3008 minare
459 2941 489 3023 ll,
514 2965 608 3009 come
631 2941 699 3010 fece
722 2942 904 3011 Alexandro
927 2943 1029 3032 quella
1053 2942 1084 3010 di
1109 2944 1296 3031 Ungariaa.l

421 3064 464 3130 Di
487 3064 615 3132 Londra
638 3064 687 3132 alli
712 3069 751 3134 28
776 3064 807 3133 di
830 3067 957 3136 ottobre
984 3069 1076 3152 1528.

998 3191 1053 3258 Uti
1077 3188 1158 3257 filius

1218 3279 1252 3345 L.
1279 3278 1350 3346 Car.
1376 3279 1578 3366 Campegius.

526 3434 611 3488 Nunr.
631 3435 656 3489 di
669 3435 760 3490 Germ.
781 3435 832 3490 vol.
856 3452 884 3506 53
900 3434 916 3490 f.
933 3438 1078 3506 128-136.
1110 3435 1284 3508 Eingelausen
1303 3437 1340 3490 irn
1359 3435 1521 3491 November.
1553 3437 1607 3489 Das
1623 3435 1684 3490 Ori-

422 3523 492 3594 ginal
517 3522 686 3594 grossenteils
712 3526 738 3578 in
762 3523 982 3592 Geheimschrift,
1008 3524 1061 3578 und
1086 3541 1157 3578 zwar
1181 3541 1234 3578 von
1258 3523 1441 3596 Campeggios
1467 3525 1575 3595 eigener
1600 3523 1684 3590 Hand,

421 3612 473 3665 wie
492 3611 561 3665 auch
579 3613 702 3666 mehrere
721 3612 818 3666 andere
837 3614 924 3666 seiner
938 3613 1107 3683 Depeschen.
1140 3611 1348 3681 Fol.138-147
1368 3611 1439 3665 steht
1457 3613 1516 3665 eine
1531 3611 1618 3683 Kopie
1637 3611 1684 3665 mit

421 3697 577 3771 Auslosung
596 3699 642 3754 der
661 3700 882 3768 Geheimschrif‚
906 3701 923 3756 f.
947 3700 1082 3768 148-156
1102 3700 1143 3754 die
1162 3709 1283 3771 separate
1303 3699 1459 3772 Auflosung
1484 3699 1530 3753 der
1547 3699 1683 3754 letzteren.

423 3787 469 3840 Bei
487 3787 637 3855 Laemmer,
655 3787 671 3842 l.
690 3806 712 3842 c.
731 3806 758 3844 n.
778 3803 879 3857 22-25
900 3788 959 3842 sind
977 3789 1099 3842 nrehrere
1118 3787 1238 3860 grossere
1258 3787 1436 3841 Bruchstuche
1459 3805 1506 3841 aus
1525 3786 1611 3841 dieser
1629 3788 1683 3841 De-

422 3875 521 3948 pesche
539 3875 713 3946 abgedruckt,
736 3875 779 3929 bei
797 3875 922 3944 Theiner,
946 3895 971 3946 p.
994 3891 1132 3946 570·—574
1152 3876 1291 3930 scheinbar
1309 3875 1356 3929 der
1374 3875 1550 3947 vollstindige
1570 3875 1683 3930 Bericht.

422 3962 494 4016 Aber
516 3963 643 4017 zunachst
667 3965 700 4017 ist
723 3964 765 4017 bei
784 3963 813 4019 L.
833 3964 885 4018 wie
909 3964 952 4018 bei
971 3963 1022 4018 Th.
1042 3964 1088 4018 das
1111 3964 1278 4030 Dolrument‚
1298 3963 1416 4018 welches
1437 3965 1464 4018 in
1483 3965 1553 4018 Rom
1577 3965 1620 4018 bei
1638 3964 1685 4017 der

316 4082 526 4090 ——-—-.-.

423 4165 433 4194 ¹
452 4158 502 4211 Die
525 4157 622 4212 letzten
637 4158 733 4212 Worte
755 4157 883 4212 beziehen
907 4158 964 4212 sich
987 4157 1035 4212 auf
1049 4157 1100 4212 den
1119 4156 1235 4225 Promis,
1259 4157 1311 4211 den
1334 4157 1376 4212 die
1391 4158 1491 4212 Witwe
1514 4159 1561 4212 des
1579 4157 1683 4230 Konigs

316 4227 398 4282 Math.
413 4228 544 4282 Corvinus
563 4247 617 4282 von
630 4229 749 4300 Ungarn,
769 4229 881 4296 beatrix,
900 4227 924 4282 T
926 4229 1019 4282 ochter
1038 4228 1084 4282 des
1103 4229 1135 4282 K.
1149 4227 1296 4282 Ferdinand
1309 4229 1328 4284 I.
1348 4246 1402 4283 von
1415 4228 1473 4282 Nea
1493 4229 1526 4296 el,
1545 4230 1560 4282 i.
1579 4229 1601 4300 J.
1619 4243 1683 4301 1492

316 4315 406 4370 gegeu
432 4298 483 4352 den
506 4300 540 4382 K.
560 4299 715 4353 Wladislaw
728 4316 792 4381 ¹von
806 4299 1076 4382 'thmen-Ungarn
1102 4307 1263 4422 anstrensqte.
1306 4299 1457 4354 Alexander
1475 4247 1520 4354 l'l.
1547 4299 1685 4354 entscbied

316 4369 603 4494 tithlhzhtl
616 4369 773 4511 ltllttl}
791 4369 949 4506 {334⁰le
963 4364 1685 4511 lathinh}thanllltssttlhtlnt

317 4511 476 4582 gegebenen
489 4511 747 4582 Eheversprecheus,
766 4510 884 4564 welches
897 4527 996 4582 wegen
1008 4511 1176 4565 notorischer
1191 4509 1422 4565 Unfruchtbarheit
1442 4512 1494 4564 und
1513 4512 1610 4566 bereits
1623 4529 1684 4565 vor·

336 4581 515 4635 eschrittenen
534 4581 622 4635 Alters
646 4581 693 4635 der
711 4582 815 4634 Beatrix
834 4597 887 4634 von
909 4581 960 4635 den
979 4582 1097 4636 Standen
1115 4583 1240 4652 Ungams
1259 4581 1409 4634 verworfen
1433 4583 1486 4636 und
1505 4599 1568 4636 vom
1587 4581 1686 4654 Papste

316 4598 357 4705 hir
376 4652 575 4705 unverbindlich
593 4651 688 4705 erklart
706 4651 805 4705 wurde.
844 4651 934 4722 Vergl.
956 4653 995 4706 Ra
1016 4652 1084 4718 naid,
1104 4657 1174 4706 Ann.
1193 4651 1258 4706 eccl.
1281 4666 1347 4724 1492
1366 4669 1391 4706 n.
1414 4668 1452 4722 30.
1491 4651 1535 4707 Ob
1558 4653 1615 4706 sich
1639 4653 1686 4707 der

315 4721 425 4792 Auszug
443 4739 490 4776 aus
509 4722 560 4776 den
573 4721 829 4776 Konsistorialalrten
846 4739 910 4776 vom
926 4738 948 4776 1.
961 4672 1076 4777 Felruar
1090 4737 1165 4795 1499,
1184 4721 1307 4776 welchen
1320 4722 1521 4777 Korzenioswhi
1540 4723 1555 4777 l.
1570 4739 1592 4778 c.
1611 4741 1636 4794 p.
1650 4737 1682 4794 43

317 4792 422 4845 mitteilt
437 4823 470 4832 —
489 4801 550 4846 statt
570 4809 636 4864 quae
655 4792 709 4846 und
727 4792 798 4863 quod
817 4793 850 4846 ist
863 4791 1005 4876 jedensalls
1024 4810 1104 4865 quam
1122 4811 1153 4847 zu
1172 4793 1246 4847 lesen
1261 4793 1354 4846 -auf
1369 4793 1441 4848 diese
1461 4793 1526 4848 oder
1544 4793 1604 4848 eine
1623 4799 1684 4867 spi·

317 4871 373 4916 tere
392 4861 606 4935 Ehestreitigheit
624 4863 794 4918 Wladislaws
813 4863 924 4931 bezreht‚
944 4880 1055 4938 vermag
1073 4864 1116 4918 ich
1135 4865 1207 4919 nicht
1226 4863 1415 4920 festzustellen.
