3842 5532
986 591 1064 673 ΙΙΙ.

414 787 465 854 An
490 786 733 874 Castiglione
757 787 788 852 in
814 786 961 873 Spanien.
1009 785 1222 872 Compiegne,
1251 788 1297 852 18.
1322 785 1508 873 September
1536 807 1570 872 ις
1599 807 1627 872 7.

443 981 544 1034 Atreise
562 980 678 1050 Wolseys.
712 980 804 1033 Dessen
820 979 951 1033 Absichten
970 981 1021 1050 aus
1034 979 1080 1032 dus
1097 978 1214 1032 Vitariat
1233 979 1354 1032 wdhrend
1372 980 1419 1032 der
1434 979 1647 1050 Gesangenscbast
1665 980 1709 1032 des

336 1069 443 1140 Popstes.
481 1069 714 1140 Entschuldigung,
737 1069 796 1137 dass
816 1067 930 1122 Salviatr'
951 1069 1022 1122 selbst
1044 1068 1096 1121 sich
1118 1069 1174 1120 dem
1201 1067 1310 1122 Proteste
1333 1067 1380 1120 der
1399 1067 1439 1136 (4)
1460 1067 1605 1121 Kardindle
1627 1085 1708 1139 ange-

335 1157 455 1210 schlossen
472 1158 523 1212 hat.
561 1156 794 1228 Herrschsatchtiges
811 1155 899 1210 Weseu
918 1157 1027 1227 Wolseys
1045 1157 1098 1210 und
1115 1156 1255 1227 Ausitltung
1269 1155 1422 1228 pdpstlr'cher
1441 1155 1530 1210 Rechte
1547 1156 1626 1211 durch
1644 1156 1707 1208 dm-

335 1246 415 1298 selben
434 1248 461 1298 in
483 1246 617 1316 Erleilung
635 1247 682 1300 der
701 1245 972 1317 Kardinulsiusignim
991 1263 1025 1300 an
1036 1245 1157 1314 ¹Kenqler
1175 1245 1220 1297 Du
1239 1244 1308 1298 Priat.

441 1423 522 1490 Partl
547 1422 614 1489 hier
638 1423 769 1489 mattina
791 1421 812 1488 il
834 1422 929 1489 Rmo.
949 1420 1157 1503 Eboracense,
1186 1420 1206 1488 il
1231 1419 1320 1509 quale
1342 1421 1381 1488 ha
1402 1420 1520 1492 havuto
1541 1420 1580 1488 da
1596 1440 1707 1509 questa

335 1531 456 1597 Maesti
472 1528 619 1598 Cristma.
644 1538 733 1595 tanto
757 1527 893 1610 honore,
918 1529 996 1595 tanti
1019 1529 1158 1615 presenti
1182 1540 1212 1594 et
1235 1539 1321 1595 tante
1338 1549 1473 1608 carezze,
1497 1527 1556 1594 che
1581 1549 1649 1594 non
1664 1550 1706 1594 ne

335 1637 439 1724 potria
462 1635 556 1702 haver
580 1633 758 1702 desiderato
781 1635 845 1723 pili,
870 1645 901 1701 et
924 1657 1000 1700 sene
1016 1647 1110 1700 torna
1133 1632 1236 1700 molto
1251 1631 1314 1700 ben
1330 1631 1492 1700 satissatto.
1529 1633 1578 1700 Ha
1593 1632 1706 1700 voluto

334 1743 366 1809 in
391 1753 500 1831 questa
522 1753 670 1829 partenza
693 1738 738 1806 lar
762 1739 861 1807 molte
890 1763 965 1806 cose
989 1750 1021 1806 et
1049 1736 1095 1805 fra
1118 1738 1146 1806 le
1169 1738 1245 1806 altre
1273 1762 1336 1805 una
1365 1740 1594 1826 protestatione
1622 1762 1640 1804 a
1662 1740 1704 1806 N.

335 1849 470 1936 Signore
494 1848 525 1914 in
542 1870 640 1914 nome
665 1845 703 1914 de
721 1845 879 1928 cardinali,
903 1867 1006 1913 erono
1023 1847 1086 1934 qui,
1111 1857 1142 1912 et
1165 1843 1238 1911 delli
1261 1844 1340 1926 altri,
1365 1844 1423 1913 che
1439 1868 1523 1912 sono
1547 1846 1581 1911 in
1597 1845 1706 1912 liberta

335 1979 352 2021 e
376 1953 458 2042 quali
481 1975 588 2040 pensa,
612 1953 640 2019 la
665 1951 801 2019 habbino
825 1975 842 2018 a
866 1949 1028 2031 ratificare‚
1053 1950 1112 2017 che
1135 1950 1197 2017 Sua
1220 1951 1339 2017 Santital
1363 1974 1430 2017 non
1454 1974 1549 2038 possa
1565 1974 1585 2016 o
1604 1949 1704 2018 debba

333 2058 449 2126 alienar
471 2071 554 2126 terre
579 2081 599 2124 o
623 2059 693 2126 stati
717 2057 797 2125 della
821 2057 939 2138 chiesa,
969 2069 1000 2124 et
1024 2056 1082 2124 che
1106 2054 1295 2124 alienandoli
1325 2059 1392 2123 sarh
1419 2067 1532 2123 tenuto
1557 2079 1613 2145 per
1636 2079 1704 2122 non

333 2163 422 2249 fatto,
448 2178 479 2232 et
503 2165 561 2232 che
584 2163 698 2232 stando
722 2165 755 2231 in
778 2165 925 2251 captivitt
953 2187 1018 2230 non
1043 2165 1130 2253 possi
1154 2185 1260 2230 creare
1284 2161 1431 2230 cardinali
1460 2185 1516 2250 per
1544 2161 1705 2230 satislara

334 2271 439 2338 chilo
462 2272 528 2340 tien
552 2283 727 2353 carcerem,
757 2281 787 2338 et
816 2267 991 2352 creandoh,
1021 2269 1079 2336 che
1103 2292 1170 2336 non
1199 2292 1335 2336 saranno
1359 2271 1518 2350 accettati,
1547 2273 1613 2337 cosl
1644 2269 1705 2336 che

333 2375 493 2444 morendo
513 2376 574 2444 Sua
590 2375 787 2445 Beatitudine
810 2377 843 2442 in
867 2398 1002 2458 carcere,
1027 2374 1046 2441 li
1070 2374 1217 2443 cardinali
1241 2375 1382 2443 detenuti
1397 2399 1465 2442 non
1482 2377 1614 2464 possino
1631 2398 1704 2464 pro

334 2481 427 2551 ceder
449 2482 488 2550 ad
511 2481 619 2550 alcuna
644 2481 810 2564 electione,
835 2506 868 2548 se
893 2505 959 2549 non
983 2504 1136 2569 vengono
1164 2483 1196 2547 in
1220 2481 1319 2570 luogo
1342 2478 1442 2548 libero
1467 2493 1499 2549 et
1522 2479 1604 2549 dove
1628 2484 1704 2549 cias-

333 2611 417 2656 cuno
441 2611 534 2676 possa
557 2589 767 2656 sicuramente
790 2587 926 2670 andarci,
951 2601 982 2655 et
1004 2587 1224 2656 ultimamente
1251 2586 1310 2654 che
1334 2588 1396 2654 Sua
1419 2588 1540 2655 Santitt
1562 2609 1703 2676 provega

332 2718 388 2782 per
412 2694 543 2784 qualche
565 2695 630 2776 via,
662 2694 720 2761 che
743 2693 771 2761 le
796 2693 989 2781 expeditioni
1015 2693 1046 2761 di
1069 2695 1170 2783 questi
1194 2695 1284 2781 regni
1308 2695 1333 2760 si
1357 2694 1489 2781 possino
1516 2693 1581 2762 fare
1609 2717 1702 2760 senza

333 2798 493 2867 mandarle
516 2824 534 2868 a
557 2800 670 2883 Roma,
695 2799 811 2888 perche
834 2801 935 2889 questi
960 2798 1011 2867 dui
1036 2801 1167 2889 principi
1192 2823 1258 2866 non
1280 2799 1436 2888 voglono,
1461 2799 1519 2866 che
1541 2797 1569 2866 la
1593 2797 1702 2882 utilite,

332 2930 366 2975 se
390 2930 430 2974 ne
454 2929 538 2990 cava,
562 2930 665 2994 venga
689 2907 720 2973 in
745 2904 876 2995 profitto
901 2918 933 2974 et
956 2907 1041 2974 mani
1065 2904 1095 2973 di
1119 2905 1169 2973 chi
1192 2905 1225 2972 lo
1243 2907 1308 2974 tien
1332 2905 1489 2994 prigione.

437 3030 555 3098 Vostra
570 3030 718 3117 Signoria
739 3028 819 3097 vede
843 3028 999 3118 adunque,
1023 3029 1082 3097 che
1105 3027 1278 3118 preambuli
1302 3051 1385 3096 sono
1409 3030 1511 3118 questi
1534 3052 1553 3097 a
1574 3028 1703 3098 levarla

333 3133 513 3203 obedientia
535 3133 592 3202 alla
616 3136 730 3219 chiesa,
747 3147 778 3204 et
795 3133 824 3202 di
842 3146 961 3224 quanto
978 3135 1059 3202 male
1076 3134 1115 3203 da
1131 3159 1174 3202 un
1190 3133 1274 3202 simil
1289 3135 1445 3224 principio
1462 3137 1488 3202 si
1504 3137 1569 3224 puh
1588 3147 1701 3204 temer.

332 3240 489 3309 Potrebbe
512 3241 592 3309 dire:
617 3254 650 3309 tu
674 3240 746 3308 l'hai
769 3243 999 3323 acconsentito,
1024 3241 1045 3308 il
1068 3241 1127 3309 che
1151 3245 1168 3308 e
1191 3263 1280 3324 vero,
1304 3264 1357 3308 ma
1379 3239 1445 3308 l’ho
1461 3239 1540 3310 fatto
1560 3264 1617 3330 per
1632 3265 1702 3309 non

332 3348 474 3414 incorrer
496 3349 528 3414 in
553 3347 699 3436 maggior
723 3370 811 3415 error
841 3360 872 3415 et
894 3370 950 3435 per
973 3359 1088 3415 metter
1118 3359 1230 3436 tempo
1253 3349 1286 3414 in
1311 3370 1420 3415 mezzo
1450 3347 1471 3415 il
1498 3348 1553 3437 piu
1581 3348 1640 3416 che
1668 3349 1702 3415 io

332 3475 446 3541 posco,
476 3452 535 3521 che
559 3477 593 3521 se
616 3456 662 3520 mi
685 3452 760 3521 lussi
784 3467 934 3542 oppost0,
959 3477 1051 3522 senza
1074 3452 1190 3521 dubbio
1215 3453 1367 3522 fecerono
1392 3457 1453 3542 qua
1477 3466 1508 3521 et
1529 3455 1562 3520 in
1585 3453 1703 3544 lnghil-

331 3570 414 3626 terra
435 3582 478 3626 un
502 3561 620 3627 vicario
644 3583 664 3626 o
689 3559 871 3648 patriarcha,
896 3560 954 3627 che
978 3558 1113 3628 harebbe
1142 3557 1173 3627 di
1195 3562 1323 3649 propria
1351 3561 1485 3628 autoritl
1514 3572 1545 3629 et
1568 3560 1599 3627 di
1621 3559 1701 3630 fatto

332 3663 480 3753 expedito
505 3667 582 3754 ogni
605 3688 689 3747 cosa,
713 3689 807 3734 come
831 3665 860 3732 la
883 3665 903 3732 il
927 3666 1026 3754 Papa,
1055 3677 1087 3733 et
1109 3667 1214 3734 sariasi
1243 3665 1347 3734 levato
1376 3665 1461 3734 forse
1490 3690 1545 3755 per
1574 3689 1702 3756 sempre

331 3769 534 3839 l'obedientia
563 3769 620 3838 alla
652 3769 734 3839 Sede
765 3771 964 3861 Apostolica,
997 3771 1079 3840 dove
1111 3771 1138 3838 la
1168 3795 1243 3840 cosa
1270 3796 1326 3860 per
1354 3785 1468 3862 questo
1500 3772 1600 3841 modo
1628 3774 1653 3839 si
1683 3777 1702 3842 'e

331 3874 465 3944 differita
487 3888 593 3960 tanto,
617 3876 676 3945 che
700 3876 738 3945 da
762 3878 844 3965 Papa
868 3879 939 3945 vien
963 3879 1097 3966 risposta
1121 3876 1200 3946 della
1223 3878 1353 3946 voluntl
1376 3901 1447 3962 sua,
1475 3878 1504 3946 la
1530 3876 1621 3968 quale
1644 3880 1701 3946 ris-

330 3993 422 4068 posta
445 3980 597 4071 indugerl
624 3982 715 4050 molti
745 3984 866 4071 giomi,
896 3995 928 4051 et
956 3985 989 4050 in
1011 3997 1124 4073 questo
1148 4007 1258 4052 mezzo
1282 3985 1345 4052 Sua
1372 3983 1571 4053 Beatitudine
1597 3985 1703 4073 potria

331 4109 417 4154 esser
440 4086 546 4171 libera,
570 4099 602 4155 et
624 4089 703 4156 saria
730 4087 897 4158 rimediato
926 4112 942 4156 a
970 4101 1064 4157 tutto.
1111 4088 1202 4159 Vede
1231 4089 1378 4180 adunque
1401 4091 1519 4158 Vostra
1543 4090 1702 4179 Signoria,

331 4192 390 4260 che
413 4194 512 4281 tempi
536 4217 619 4261 sono
642 4195 652 4260 i
675 4196 788 4277 nostri,
812 4207 844 4262 et
866 4195 898 4261 in
915 4194 974 4264 che
996 4195 1148 4284 travaglio
1165 4198 1210 4264 mi
1231 4216 1337 4278 trovo,
1361 4196 1476 4285 poiche
1499 4198 1543 4264 mi
1565 4196 1703 4287 bisogna

330 4299 530 4366 acconsentir
552 4323 571 4366 a
597 4299 679 4366 simil
704 4323 779 4368 cose
801 4323 857 4389 per
889 4299 1037 4369 rimediar
1060 4325 1077 4368 a
1101 4302 1203 4370 molto
1228 4305 1375 4391 maggior
1398 4302 1496 4385 male,
1525 4314 1557 4371 et
1584 4316 1702 4393 quanta

331 4405 375 4471 sia
396 4402 592 4473 l'ambitione
611 4404 641 4473 di
658 4419 771 4494 questo
788 4404 943 4475 cardinale
958 4405 1157 4476 Eboracense
1173 4420 1204 4477 et
1219 4407 1248 4476 la
1263 4411 1468 4497 persuasione
1488 4407 1520 4476 di
1535 4433 1570 4478 se
1586 4421 1700 4492 stesso,

330 4509 389 4576 che
413 4509 452 4576 ha
474 4512 582 4577 animo
607 4510 638 4578 di
661 4510 855 4580 domandare
878 4511 905 4578 al
929 4514 1021 4601 Papa,
1045 4514 1103 4583 che
1126 4513 1158 4581 lo
1181 4513 1278 4583 faccia
1300 4537 1360 4582 suo
1384 4516 1501 4582 vicario
1524 4514 1701 4584 universale

331 4637 393 4681 con
417 4638 543 4684 somma
565 4620 699 4705 potesta.
745 4617 783 4685 Et
809 4615 831 4683 li
853 4617 1000 4686 Francesi
1021 4642 1078 4708 per
1106 4619 1126 4686 il
1149 4618 1287 4708 bisogno
1311 4621 1419 4689 hanno
1444 4620 1475 4689 di
1498 4621 1557 4704 lui,
1585 4625 1718 4690 accon?

331 4732 481 4804 sentono,
505 4734 536 4789 et
558 4745 653 4790 senza
676 4721 783 4805 dubio,
807 4745 902 4791 come
930 4725 1003 4792 vien
1031 4723 1060 4792 la
1082 4727 1218 4815 risposta
1241 4724 1291 4794 del
1315 4728 1412 4815 Papa,
1440 4751 1475 4796 se
1501 4727 1564 4796 ben
1587 4728 1609 4796 li
1632 4732 1701 4797 sarh

331 4839 458 4914 negato,
481 4830 608 4896 trovera
630 4827 730 4896 modo
754 4851 810 4916 per
833 4852 943 4896 mezzo
974 4830 1025 4899 dei
1047 4829 1156 4919 prelati
1179 4831 1211 4900 di
1235 4832 1410 4917 ottenerlo,
1442 4847 1473 4903 et
1500 4838 1569 4902 sara
1593 4858 1636 4902 un
1660 4835 1701 4905 de

332 4932 488 5020 maggiori
512 4931 676 5016 disordini‚
699 4934 757 5002 che
780 4933 864 5002 fusse
888 4937 950 5003 mai
974 4935 1054 5004 nella
1077 4937 1198 5022 chiesa;
1223 4963 1276 5006 ma
1298 4941 1330 5006 io
1347 4940 1391 5008 ho
1408 4963 1567 5030 speranra,
1591 4942 1651 5010 che
1665 4943 1700 5010 in
