3810 5528
180 303 250 360 ¹5²9
268 286 335 358 juni.
1488 276 1549 338 113

177 446 359 514 dummodo
375 445 438 512 Sua
453 445 572 514 Santita
595 468 661 513 non
685 445 781 514 faccia
805 447 913 514 alcuna
938 470 1011 514 cosa
1035 459 1144 514 contra
1169 445 1200 514 di
1223 447 1265 514 lui
1289 449 1320 514 in
1344 468 1453 537 questa
1477 473 1551 516 avo-

176 554 314 620 catione.
353 552 392 619 Et
416 553 458 618 mi
484 553 521 618 ha
545 571 700 620 mostrato
724 576 787 620 una
809 553 918 621 lettera
942 553 981 620 de
1004 553 1024 619 li
1048 555 1118 620 suoi
1142 559 1260 620 oratori
1284 553 1314 620 di
1332 553 1391 620 Vll
1408 553 1456 621 del
1482 578 1550 643 pre-

177 671 285 738 sente,
315 681 372 746 per
399 655 426 725 la
450 658 539 747 quale
569 660 719 727 scrivono
748 659 769 725 il
799 661 1042 748 ragionamento
1074 659 1192 727 havuto
1221 683 1314 748 sopra
1346 660 1376 728 di
1407 663 1457 728 eid
1488 684 1560 728 con.

177 765 220 831 N.
237 765 374 851 Signore
399 765 438 830 in'
454 763 678 852 persuadergli,
703 765 761 831 che
784 787 850 832 non
875 765 960 851 vogli
985 765 1114 832 alterare
1138 765 1268 832 l'animo
1292 766 1324 833 di
1339 767 1401 833 Sua
1420 767 1551 850 Maesta,

181 888 233 938 »et
256 870 315 937 che
338 870 401 937 Sua
424 871 542 938 Santita
566 871 593 938 ci
618 871 657 938 ha
681 894 863 958 promesso,
887 871 946 938 che
970 893 1036 938 non
1060 870 1123 938 lara
1147 895 1220 939 cosa
1244 871 1383 940 alcuna«
1432 873 1474 939 Di
1497 875 1552 961 poi

177 977 410 1064 soggiungono
438 977 470 1043 in
493 975 578 1044 detta
608 977 732 1058 lettera,
764 978 823 1044 che
845 977 907 1044 Sua
935 977 1132 1044 Beatitudine
1161 979 1200 1045 ha
1229 1003 1269 1046 ne
1297 980 1325 1046 la
1348 981 1468 1046 Maesta
1492 979 1552 1046 Sua

178 1082 280 1150 molta
303 1081 385 1164 fede,
409 1082 467 1150 che
484 1083 515 1148 in
532 1101 645 1171 questo
668 1095 796 1150 trattato
813 1083 844 1150 di
867 1107 944 1171 pace
971 1107 1037 1150 non
1063 1083 1172 1151 habbia
1191 1109 1208 1152 a
1225 1108 1371 1152 mancare
1386 1085 1418 1153 di
1437 1084 1552 1174 quello,

180 1187 240 1255 che
263 1210 389 1276 sempre
414 1187 452 1254 ha
482 1187 560 1256 fatto
590 1191 623 1254 in
646 1187 754 1256 favore
779 1209 810 1257 et
833 1187 989 1256 beneficio
1014 1189 1045 1257 di
1074 1189 1175 1279 quella
1198 1210 1285 1258 santa
1309 1189 1408 1272 Sede,
1437 1203 1468 1258 et
1495 1193 1553 1258 che

178 1296 239 1382 ipsi
263 1296 431 1376 iusserunt,
455 1294 659 1363 Sanctitatem
676 1295 771 1362 Suam
795 1296 883 1363 bono
908 1297 1016 1362 animo
1034 1320 1113 1378 esse,
1137 1297 1195 1364 che
1220 1309 1330 1386 questa
1345 1299 1466 1364 Maestd
1485 1319 1553 1364 non

179 1403 337 1480 mancarl,
360 1401 479 1488 porche
503 1401 565 1468 Sua
588 1402 708 1469 Santital
730 1425 798 1469 non
821 1403 929 1469 innovi
954 1402 1065 1470 alcuna
1088 1425 1163 1470 cosa
1186 1404 1218 1469 in
1242 1416 1352 1492 questa
1375 1427 1430 1471 sua
1452 1427 1554 1486 causa,

179 1507 239 1575 che
263 1507 355 1575 habbi
378 1507 416 1575 ad
439 1509 567 1577 alterare
591 1508 722 1575 l’animo
747 1531 821 1592 suo;
848 1509 925 1576 »che
950 1509 1011 1576 Sua
1028 1508 1225 1577 Beatitudine
1247 1511 1380 1598 rispose,
1404 1511 1463 1577 che
1487 1533 1553 1576 non

180 1613 377 1682 dubitassino
400 1616 432 1682 di
456 1617 521 1698 cib,
554 1615 612 1682 che
641 1617 694 1704 piu
722 1633 828 1702 presto
857 1639 909 1682 era
931 1637 987 1704 per
1014 1617 1093 1704 patir
1121 1618 1198 1703 ogni
1222 1638 1301 1704 gran
1325 1639 1398 1683 cosa
1431 1619 1461 1682 in
1486 1638 1555 1704 per-

180 1743 261 1787 sona
284 1745 370 1788 sua«

288 1844 635 1914 Raccommandandoli
660 1847 691 1911 io
715 1844 743 1910 le
768 1868 842 1912 cose
867 1843 897 1911 di
922 1843 1023 1932 quella
1046 1856 1134 1912 santa
1150 1843 1233 1912 Sede
1257 1857 1287 1912 et
1312 1843 1343 1911 di
1361 1845 1402 1912 N.
1420 1845 1556 1932 Signore

182 1938 325 2034 ricercal,
355 1975 389 2018 se
416 1951 448 2018 S.
472 1952 517 2018 M.
542 1950 703 2019 mandaria
731 1949 844 2017 alcuno
868 1975 884 2016 a
908 1963 1017 2040 questa
1045 1950 1144 2033 dieta3
1181 1963 1368 2038 soprastette
1397 1949 1556 2039 alquant0,

181 2059 236 2145 poi
260 2060 304 2124 mi
329 2056 421 2139 disse,
446 2057 505 2124 che
529 2081 595 2124 non
621 2056 739 2124 haveva
762 2078 877 2124 ancora
901 2055 1083 2138 deliberat0,
1108 2079 1159 2122 ma
1184 2055 1241 2123 che
1265 2056 1425 2125 mandaria
1448 2056 1469 2123 il
1493 2081 1556 2124 car·

182 2161 285 2230 dinale
302 2162 446 2251 expedita
470 2175 579 2252 questa
596 2185 704 2246 causa;
736 2176 768 2230 et
791 2161 949 2229 dicendoli
973 2164 1015 2245 in,
1041 2163 1099 2229 che
1117 2185 1185 2229 non
1209 2185 1261 2229 era
1283 2161 1431 2250 possibile
1447 2177 1556 2252 questa

184 2268 386 2357 expeditione
410 2271 436 2335 si
459 2268 578 2337 facesse
606 2271 639 2336 in
662 2282 784 2358 tempo,
812 2269 857 2334 mi
880 2269 1002 2356 rispose
1026 2267 1098 2335 ch'il
1122 2269 1381 2350 Cristianissim0,
1410 2269 1556 2337 havendo

182 2373 225 2441 lui
248 2372 327 2442 fatto
350 2388 440 2442 tanto
463 2399 518 2464 per
535 2375 565 2442 S.
584 2377 640 2457 M,
663 2375 767 2442 nonli
791 2376 948 2442 mancaria
971 2373 1001 2442 di
1025 2396 1179 2462 prorogat
1202 2373 1229 2440 la
1245 2398 1330 2457 cosa,
1355 2387 1386 2442 et
1405 2377 1556 2463 parvemi,

183 2479 242 2547 che
266 2503 404 2568 ponesse
420 2494 536 2569 questo
558 2504 616 2571 pro
634 2483 801 2562 constanti,
826 2479 1014 2548 affirmando
1035 2478 1107 2547 ch’il
1131 2492 1293 2548 convento
1317 2479 1474 2570 diqueste
1490 2482 1557 2548 Ma-

183 2585 276 2654 dame
306 2609 372 2653 non
397 2586 525 2656 sarebbe
549 2586 598 2655 alli
622 2587 747 2670 XXVI,
777 2610 870 2655 come
894 2588 1058 2655 scriveano
1082 2587 1113 2655 di
1136 2587 1279 2669 Francia,
1309 2609 1360 2652 ma
1383 2610 1417 2653 se
1446 2610 1557 2675 proro-

183 2695 283 2779 garia,
313 2706 345 2760 et
368 2695 412 2760 mi
440 2693 523 2762 disse
546 2695 615 2781 pili,
644 2694 701 2761 che
726 2717 781 2782 per
810 2693 841 2760 lo
866 2695 1011 2760 intimare
1041 2691 1119 2760 della
1147 2715 1276 2780 guerra,
1305 2693 1429 2760 ch'esso
1456 2695 1555 2761 havea

184 2797 262 2866 fatto
286 2823 302 2865 a
327 2799 454 2882 Cesare,
477 2813 558 2868 tutte
580 2799 610 2866 le
629 2799 699 2866 loro
725 2798 936 2888 capitulationi
961 2823 1057 2866 erano
1081 2811 1164 2866 rotte
1189 2822 1207 2866 e
1229 2797 1329 2881 finite,
1353 2823 1370 2865 e
1394 2801 1471 2887 perd
1496 2799 1555 2867 che

184 2927 250 2971 non
268 2905 461 2988 basterebbe,
486 2908 544 2974 che
567 2908 599 2973 in
616 2919 725 2995 questa
748 2928 824 2993 pace
844 2905 892 2973 dal
909 2906 1156 2974 Cristianissimo
1180 2904 1264 2973 fusse
1280 2905 1437 2973 chiamato
1461 2929 1555 2974 come

184 3008 407 3095 confederat03
442 3017 482 3079 ne
505 3036 586 3078 anco
610 3015 635 3078 si
661 3024 775 3101 poteva
799 3010 878 3094 lare,
907 3011 1021 3099 ch'egli
1044 3013 1069 3078 si
1093 3011 1274 3078 intendesse
1299 3035 1468 3099 compreso
1493 3036 1555 3078 con

183 3115 213 3184 le
237 3117 450 3205 capitulationi
480 3119 622 3207 antique,
651 3119 767 3207 perche
796 3141 862 3184 non
888 3116 1072 3206 expediebat
1101 3119 1144 3185 eis
1175 3131 1206 3185 et
1233 3141 1348 3184 manco
1377 3115 1404 3184 al
1429 3117 1556 3185 Cristia-

184 3224 330 3304 nissim0,
359 3223 527 3292 essendovi
557 3223 656 3291 molte
687 3247 777 3305 cose,
806 3223 864 3291 che
888 3225 1012 3290 seriano
1038 3236 1147 3290 contra
1175 3223 1206 3290 di
1234 3222 1291 3306 lui,
1323 3223 1439 3311 perche
1462 3222 1556 3312 quelli

183 3331 301 3396 trattati
324 3329 417 3397 furon
447 3329 513 3398 fatti
537 3330 587 3398 col
613 3341 741 3399 trattato
765 3329 815 3398 del
844 3331 1050 3397 matrimonio
1080 3329 1119 3397 de
1143 3329 1170 3396 la
1193 3331 1385 3418 principessa
1408 3351 1469 3396 con
1495 3329 1557 3397 Ce-

185 3458 265 3516 sare,
289 3449 320 3503 et
343 3437 424 3504 inter
447 3435 518 3519 alia,
542 3437 601 3504 che
624 3435 645 3502 li
672 3436 836 3503 havevano
859 3459 1027 3524 promesso
1052 3434 1221 3503 defendere
1248 3459 1321 3502 eum
1347 3437 1380 3502 in
1403 3436 1557 3523 possessis

186 3554 219 3609 et
239 3541 439 3630 possidendis
462 3544 597 3631 propriis
621 3543 793 3631 expensis1.
841 3543 878 3610 Et
902 3545 932 3609 in
956 3540 1035 3610 fatto
1063 3541 1091 3608 la
1115 3555 1223 3608 mente
1248 3540 1279 3608 di
1303 3555 1411 3630 questa
1436 3540 1557 3608 Maesta

185 3648 230 3714 mi
253 3670 328 3735 pare
350 3647 480 3715 tendere
496 3661 615 3738 quanto
638 3651 713 3736 pud,
738 3649 796 3716 che
816 3653 883 3715 cosi
906 3661 1013 3736 presto
1032 3671 1099 3715 non
1116 3649 1142 3714 si
1165 3645 1302 3735 proceda
1317 3671 1333 3712 a
1350 3637 1557 3714 conclusione

185 3755 218 3820 in
235 3767 344 3843 questa
368 3753 460 3836 dieta,
484 3755 573 3822 voler
589 3754 703 3823 vedere
727 3757 828 3842 prima
851 3754 871 3820 il
886 3753 950 3822 fine
974 3754 1004 3822 di
1021 3765 1131 3843 questa
1154 3777 1208 3820 sua
1225 3777 1315 3820 causa
1340 3765 1371 3820 et
1394 3754 1449 3841 poi
1468 3775 1556 3819 man-

185 3859 260 3928 dare
289 3859 309 3926 il
333 3859 487 3930 cardinale
516 3872 547 3928 et
570 3860 634 3928 fare
657 3885 674 3928 a
698 3885 741 3928 un
768 3873 879 3949 tempo
908 3861 1086 3928 medesimo
1116 3883 1221 3926 nuove
1254 3858 1464 3947 capitulationi
1495 3881 1556 3925 con

186 3965 304 4033 Cesare
329 3979 361 4034 et
383 3989 561 4054 procurare,
586 3967 644 4034 che
668 3969 694 4034 si
718 3965 871 4034 concluda
894 3967 922 4033 la
946 3990 1022 4055 pace
1046 3965 1231 4034 universale.

291 4091 328 4157 Io
357 4089 395 4158 da
424 4093 501 4177 ogni
529 4104 616 4179 parte
645 4091 789 4173 intendo,
822 4090 879 4158 che
908 4090 1054 4158 Madama
1082 4090 1274 4178 Margherita
1303 4088 1405 4157 molto
1434 4090 1513 4156 insta
1542 4113 1559 4155 a

186 4209 296 4286 questa
319 4195 411 4278 dieta,
437 4210 468 4264 et
491 4197 550 4264 che
574 4199 649 4285 ogni
674 4195 705 4264 dl
729 4217 834 4264 cresce
857 4196 885 4264 la
909 4219 1056 4284 speranza
1080 4196 1119 4264 de
1142 4196 1170 4262 la
1193 4219 1281 4284 pace.
1327 4195 1362 4262 lo
1387 4218 1446 4261 son
1476 4206 1558 4261 stato

186 4305 218 4369 in
236 4302 367 4392 qualche
391 4304 555 4391 opinione,
580 4305 638 4370 che
661 4304 692 4370 di
715 4305 767 4390 gia
782 4303 900 4370 Cesare
924 4317 955 4370 et
979 4302 999 4369 il
1016 4303 1264 4370 Cristianissimo
1287 4300 1410 4369 iussero
1434 4302 1465 4367 in
1483 4323 1559 4367 con-

187 4406 309 4492 cordia,
334 4421 365 4476 et
388 4409 432 4476 ho
456 4411 640 4497 presentito,
669 4410 727 4476 che
751 4421 860 4499 questa
884 4410 1004 4478 Maesti
1028 4432 1045 4476 e
1069 4409 1089 4474 il
1113 4406 1268 4476 cardinale
1291 4429 1372 4474 anco
1397 4407 1504 4474 hanno
1528 4405 1558 4473 di

187 4517 238 4582 cid
262 4513 418 4598 dubitato;
447 4537 524 4603 pure
541 4516 617 4583 hora
640 4517 685 4582 mi
708 4539 792 4603 pare,
817 4515 875 4583 che
892 4514 995 4584 molto
1019 4517 1045 4581 si
1060 4526 1268 4602 promettono
1293 4511 1331 4580 de
1347 4510 1375 4578 la
1399 4511 1559 4593 dilatione,

188 4633 219 4688 et
243 4621 301 4688 che
325 4643 392 4687 non
416 4622 442 4686 si
465 4619 528 4687 fara
550 4644 643 4688 senza
660 4620 866 4688 conclusione
890 4621 928 4690 de
945 4619 973 4689 le
991 4643 1065 4687 cose
1088 4619 1159 4686 loro
1179 4642 1240 4686 con
1258 4619 1385 4700 Cesare,
1412 4629 1464 4684 »et
1478 4618 1561 4684 inter

249 4923 264 4994 J
296 4859 305 4890 ¹
324 4851 451 4906 Gemeint
474 4850 532 4904 sind
557 4851 598 4904 die
612 4850 743 4921 Verarage
767 4868 820 4905 von
844 4851 964 4921 Brdgge,
989 4865 1030 4919 25.
1051 4851 1155 4920 August
1177 4864 1252 4917 1521,
1277 4847 1330 4901 und
1353 4863 1406 4901 aron
1426 4847 1561 4911 Windsor,

190 4939 230 4992 19.
265 4940 310 4976 um
333 4937 407 4991 1522.

243 5028 347 5082 Elissa,
361 5026 489 5071 Rdmlaetre
506 5027 661 5072 Dotrnmente.
1418 5031 1430 5070 t
