3810 5528
322 287 384 350 124
654 251 662 260 ·
884 283 887 292 ¹
1541 305 1594 376 Juli
1615 321 1693 374 15²9·

319 483 355 526 ac
372 472 554 548 praetensae
570 459 792 549 subreptionis,
817 461 1012 549 obreptionis
1029 485 1064 529 ac
1081 460 1221 530 defectus
1245 465 1430 531 intentionis
1447 463 1695 551 dispensationis

320 563 503 634 huiusmodi
519 567 596 634 vitio
621 566 776 657 rebusque
799 568 865 634 aliis
888 569 921 634 in
937 570 1013 635 actis
1037 591 1147 635 causae
1170 569 1259 637 latius
1276 569 1419 638 deductis
1435 569 1697 660 deducendisque

321 685 353 739 et
376 671 500 740 illorum
523 673 708 741 occasione:
733 673 822 741 alicui
847 697 884 741 ex
902 672 1095 742 Reverendis
1118 673 1255 762 patribus
1266 666 1421 742 'Dominis
1445 675 1548 762 palatii
1565 689 1697 764 aposto-

320 777 370 845 lici
387 800 549 845 causarum
574 778 767 846 auditoribus
784 781 877 847 etiam
894 781 1065 846 summarie
1089 791 1119 847 et
1135 800 1229 868 prout
1253 782 1285 847 in
1301 779 1545 864 beneficialibus,
1569 783 1596 848 si
1613 805 1698 870 opus

320 880 423 965 fuerit,
448 885 649 951 committere
673 883 854 967 audiendas,
883 885 1135 973 cognoscendas,
1159 887 1367 968 instruendas,
1399 899 1430 954 et
1453 898 1623 976 postquam
1651 889 1699 954 in-

322 999 437 1060 structa
461 988 590 1071 fuerint,
620 993 650 1056 in
669 992 786 1059 Vestro
815 1014 905 1058 sacro
935 991 1127 1058 consistorio
1155 1005 1279 1060 secreto
1304 993 1465 1060 Sanctitati
1490 993 1625 1060 Vestrae
1649 1016 1700 1060 re-

322 1093 466 1162 ferendas
491 1119 563 1163 cum
588 1097 737 1164 omnibus
762 1110 793 1164 et
815 1096 945 1185 singulis
969 1098 1032 1164 suis
1061 1096 1281 1181 incidentibus,
1306 1097 1569 1186 dependentibus,
1594 1121 1701 1166 erner-

321 1199 478 1286 gentibus,
503 1203 633 1268 annexis
657 1215 687 1270 et
710 1206 874 1285 connexis,
899 1227 971 1270 cum
995 1216 1162 1290 potestate,
1186 1205 1364 1271 Dominum
1382 1205 1559 1273 Henricum
1584 1227 1700 1292 regem

323 1330 500 1395 omnesque
529 1307 606 1374 alios
636 1321 666 1376 et
693 1308 836 1396 singulos
864 1308 1061 1396 supradictos
1090 1321 1120 1376 et
1149 1311 1180 1376 in
1205 1309 1334 1377 decreto
1358 1309 1407 1377 vel
1437 1313 1627 1378 executione
1658 1312 1702 1377 ci-

323 1413 450 1480 tationis
474 1416 656 1501 praesentis,
681 1416 917 1482 commissionis
942 1413 1123 1482 huiusmodi
1143 1417 1253 1503 vigore
1277 1415 1315 1482 ad
1339 1428 1442 1503 partes
1467 1415 1703 1497 decernendae,

323 1519 554 1601 nominand05,
584 1522 614 1587 in
639 1521 784 1588 Romana
809 1522 918 1604 Curia,
948 1533 1033 1588 extra
1063 1544 1132 1588 eam
1164 1534 1194 1589 et
1222 1523 1252 1587 in
1283 1521 1420 1609 partibus
1448 1523 1543 1589 toties
1572 1523 1704 1611 quoties

324 1645 405 1710 opus
433 1623 525 1692 fuerit
555 1638 585 1693 et
613 1626 692 1694 facta
720 1629 805 1714 prius
833 1627 883 1694 hic
914 1628 945 1693 in
970 1627 1065 1694 Curia
1094 1627 1271 1694 oratoribus
1295 1627 1430 1694 Domini
1454 1627 1585 1695 Henrici
1615 1629 1705 1716 regis

325 1730 534 1813 intimatione,
558 1744 633 1799 tunc
651 1744 736 1800 extra
753 1733 884 1800 Curiam
907 1734 985 1800 etin
1003 1733 1149 1821 partibus,
1175 1734 1269 1800 etiam
1289 1756 1345 1820 per
1361 1732 1498 1800 edictum
1525 1733 1705 1821 publicum,

325 1836 464 1903 constito
496 1839 666 1906 summarie
695 1838 734 1906 de
765 1863 831 1906 non
862 1850 932 1906 tuto
964 1862 1105 1920 accessu,
1138 1838 1253 1906 citandi
1283 1863 1319 1907 ac
1350 1838 1460 1927 legatis
1491 1837 1706 1907 cardinalibus

325 1943 550 2010 commissariis
581 1944 747 2032 praedictis
778 1943 835 2012 sub
864 1945 1073 2032 suspensione
1101 1967 1117 2010 a
1146 1943 1274 2027 divinis,
1307 1957 1338 2012 et
1365 1943 1431 2010 aliis
1460 1944 1707 2035 quibuscunque

326 2049 550 2116 commissariis
574 2049 755 2137 apostolicis
779 2061 810 2118 et
833 2050 978 2118 Domino
1002 2051 1144 2118 Henrico
1168 2051 1235 2138 regi
1259 2049 1398 2138 praefato
1423 2074 1459 2117 ac
1482 2049 1548 2118 aliis
1572 2051 1708 2140 quibus-

326 2176 450 2242 cunque
474 2154 627 2223 iudicibus
655 2167 719 2223 tam
749 2156 914 2224 ordinariis
943 2179 1036 2245 quam
1062 2157 1297 2237 commissariis,
1327 2157 1421 2224 etiam
1445 2156 1641 2244 apostolicis,
1675 2169 1709 2224 et

326 2260 451 2347 quoties
466 2259 621 2327 videbitur
644 2259 701 2328 sub
718 2262 858 2329 censuris
882 2272 913 2328 et
936 2259 1001 2326 aliis
1024 2263 1136 2348 poenis
1153 2261 1370 2328 ecclesiasticis
1394 2264 1487 2330 etiam
1513 2264 1708 2350 pecuniariis

325 2365 395 2450 ipso
411 2363 494 2432 facto
512 2368 542 2432 in
557 2379 706 2434 eventum
724 2391 789 2433 non
807 2367 969 2455 paritionis
986 2365 1191 2448 incurrendis,
1206 2369 1300 2434 etiam
1316 2366 1411 2434 simili
1424 2366 1529 2436 edicto
1547 2369 1578 2434 in
1596 2367 1708 2434 forma

325 2468 498 2553 inhibendi,
518 2495 727 2562 censurasque
745 2483 775 2540 et
792 2496 910 2561 poenas
931 2471 1112 2539 huiusmodi
1128 2471 1316 2541 declarando
1333 2473 1535 2561 aggravandi,
1556 2496 1709 2562 reaggra-

326 2574 429 2658 vandi,
454 2576 661 2646 interdicendi
684 2577 895 2668 auxiliumque
913 2577 1045 2645 bracchii
1069 2579 1234 2646 saecularis
1251 2579 1430 2661 invocandi,
1456 2581 1551 2646 etiam
1576 2581 1602 2646 si
1620 2603 1710 2668 opus

328 2680 430 2764 fuerit,
455 2685 620 2752 oratricem
645 2683 838 2772 praedictam
861 2708 878 2750 a
901 2684 1137 2772 quibuscunque
1161 2686 1301 2752 censuris
1324 2708 1380 2772 per
1403 2709 1436 2750 se
1454 2685 1502 2752 vel
1526 2683 1622 2752 alium
1649 2709 1710 2754 seu

328 2787 405 2855 alios
429 2789 611 2876 simpliciter
635 2789 683 2856 vel
707 2789 745 2856 ad
769 2790 932 2872 cautelam,
956 2803 1050 2876 prout
1069 2791 1186 2857 iustum
1210 2789 1302 2858 fuerit
1326 2789 1509 2858 absolvendi
1535 2811 1710 2882 ceteraque

329 2895 437 2961 omnia
462 2906 493 2961 et
515 2895 573 2962 alia
596 2908 628 2962 et
649 2896 770 2984 singula
794 2897 826 2962 in
846 2896 1024 2984 praemissis
1049 2909 1079 2963 et
1096 2897 1176 2963 circa
1200 2919 1236 2962 ea
1258 2895 1504 2985 quomodolibet
1527 2900 1711 2966 necessaria

330 3013 359 3066 et
377 3011 556 3088 opportuna
575 3001 708 3069 faciendi
732 3014 764 3069 et
780 3002 962 3085 exercendi;
980 3043 1018 3051 -—
1038 3002 1271 3091 decernereque
1294 3004 1414 3070 irritum
1441 3015 1472 3070 et
1495 3003 1589 3071 inane
1614 3005 1711 3094 quid-

329 3104 403 3194 quid
431 3117 542 3174 contra
569 3120 768 3195 praesentem
797 3126 827 3175 et
855 3110 888 3175 in
917 3132 952 3176 ea
976 3109 1084 3175 omnia
1113 3121 1143 3176 et
1166 3108 1288 3196 singula
1313 3126 1462 3176 contenta
1490 3111 1630 3177 scienter
1656 3110 1711 3179 vel

328 3213 513 3299 ignoranter
536 3213 687 3281 hactenus
704 3225 923 3301 attemptatum
946 3214 1004 3282 fuit
1026 3226 1078 3282 aut
1100 3216 1133 3280 in
1158 3212 1297 3281 futurum
1321 3217 1500 3302 attemptari
1520 3217 1711 3303 contigerit,

329 3329 394 3384 tam
422 3340 478 3406 per
506 3319 616 3387 Rnxos.
648 3320 810 3387 Dominos
840 3319 1011 3387 cardinales
1041 3320 1162 3409 legatos
1193 3332 1223 3388 et
1252 3322 1490 3388 commissarios
1520 3345 1616 3410 quam
1649 3345 1712 3410 per

329 3423 406 3491 alios
430 3448 648 3515 quoscunque,
671 3449 835 3516 quacunqe
859 3439 890 3494 et
913 3425 1121 3516 qualicunque
1144 3427 1329 3494 auctoritate
1353 3425 1534 3515 fungentes,
1558 3451 1594 3495 ac
1614 3427 1711 3516 quod

330 3553 477 3618 praesens
508 3533 679 3621 omniaque
709 3543 740 3600 et
767 3532 889 3620 singula
919 3533 953 3598 in
980 3531 1091 3600 eadem
1122 3543 1273 3600 contenta
1308 3544 1340 3599 et
1367 3531 1442 3600 inde
1472 3545 1579 3600 secuta
1609 3557 1712 3623 quae-

331 3661 455 3726 cunque
479 3637 518 3706 de
533 3637 745 3726 subreptionis
769 3649 821 3706 aut
839 3637 1036 3727 obreptionis
1052 3639 1130 3706 vitio
1154 3650 1206 3705 aut
1229 3639 1416 3706 intentionis
1435 3639 1567 3706 Vestrae
1583 3639 1713 3707 Sancti·

331 3744 401 3810 tatis
425 3742 548 3812 defectu
565 3742 859 3832 quomodocunque
883 3745 1060 3833 impugnari
1085 3757 1137 3812 aut
1153 3745 1257 3812 notari
1280 3746 1499 3832 nonpossint,
1523 3746 1633 3834 sicque
1650 3769 1713 3834 per

332 3872 537 3939 quoscunque
568 3848 702 3931 iudices,
733 3851 826 3917 etiam
855 3851 886 3917 S.
911 3851 948 3918 R.
972 3851 1006 3916 E.
1037 3849 1207 3918 cardinales
1238 3874 1273 3917 ac
1302 3849 1376 3918 dicti
1404 3850 1509 3938 palatii
1536 3851 1713 3938 apostolici

331 3955 490 4022 auditores
507 3954 645 4037 iudicari,
669 3957 852 4023 sententiari
869 3955 1058 4045 diffinirique
1075 3954 1200 4036 debere,
1224 3955 1342 4023 sublata
1359 3953 1479 4024 eisdem
1504 3956 1592 4024 aliter
1609 3959 1713 4026 inter·

330 4060 474 4149 pretandi
498 4061 717 4150 iudicandique
732 4060 888 4144 facultate,
911 4063 1089 4150 praemissis
1105 4085 1141 4129 ac
1157 4061 1415 4128 conclusionibus
1431 4064 1464 4128 in
1481 4085 1575 4130 causa
1597 4062 1713 4130 huius-

332 4167 420 4234 modi
443 4166 551 4234 forsan
567 4166 654 4235 factis
675 4179 709 4234 et
731 4167 839 4256 regula
857 4167 1035 4235 Sanctitatis
1052 4168 1184 4235 Vestrae
1208 4167 1342 4256 desuper
1359 4167 1451 4250 edita,
1475 4167 1587 4258 quibus
1612 4166 1713 4237 dero-

332 4297 405 4361 gare
429 4273 562 4361 placeat,
587 4297 622 4340 ac
646 4273 924 4341 constitutionibus
948 4285 979 4341 et
1002 4273 1252 4342 ordinationibus
1275 4273 1468 4361 apostolicis,
1492 4272 1565 4340 stilo
1589 4275 1714 4362 palatii,

333 4379 459 4461 iuribus,
483 4378 631 4468 quodque
649 4402 740 4446 causa
763 4402 818 4446 seu
835 4401 945 4446 causae
961 4377 1144 4446 huiusmodi
1167 4403 1234 4447 non
1250 4381 1313 4447 sint
1336 4379 1443 4446 forsan
1467 4379 1507 4448 ad
1523 4381 1712 4448 Romanam

333 4485 462 4553 Curiam
485 4484 626 4573 legitime
650 4485 816 4552 devolutae
839 4508 942 4573 neque
970 4486 1002 4551 in
1027 4509 1061 4552 ea
1090 4485 1129 4553 de
1153 4486 1227 4553 iuris
1251 4487 1437 4553 necessitate
1469 4485 1652 4553 tractandae
1678 4507 1713 4556 et

333 4589 501 4673 liniendae,
522 4589 692 4678 privilegiis
708 4613 836 4679 quoque
861 4609 892 4657 et
914 4589 1041 4657 indultis
1065 4604 1097 4659 et
1119 4591 1229 4658 litteris
1246 4591 1429 4679 apostolicis
1449 4593 1517 4679 regi
1541 4604 1572 4659 et
1595 4591 1713 4660 iudici-

333 4697 390 4764 bus
419 4696 593 4785 ptaedictis,
622 4694 708 4784 quod
737 4697 865 4763 nonnisi
892 4697 924 4762 in
953 4697 1044 4763 certis
1071 4696 1145 4764 loco
1176 4708 1207 4764 et
1231 4719 1339 4764 coram
1368 4697 1461 4764 certis
1490 4696 1647 4765 iudicibus
1679 4713 1714 4768 et

334 4814 454 4870 servata
478 4814 562 4869 certa
584 4801 686 4868 forma
711 4803 883 4883 conveniri,
908 4803 1176 4870 excommunicati
1199 4815 1252 4868 aut
1277 4801 1421 4870 interdici
1445 4804 1583 4890 possint,
1609 4807 1713 4872 etiam

335 4932 407 4975 cum
432 4907 591 4997 quibusvis
607 4906 750 4974 clausulis
773 4907 1023 4996 irritantibusque
1040 4908 1183 4990 decretis,
1208 4909 1302 4975 etiam
1327 4906 1409 4974 side
1432 4907 1491 4975 illis
1514 4908 1714 5000 illorumque
