3810 5528
1424 307 1624 380 September
1647 327 1721 381 ¹530-

454 461 625 515 entscbieden
650 461 762 516 unwabr
780 461 889 526 zuruclr;
918 460 1048 515 vielmebr
1071 462 1140 516 habe
1159 463 1287 518 Clemens
1306 465 1388 520 durch
1402 466 1584 540 Vermittlung
1607 470 1654 524 der
1671 487 1719 541 ge-

453 557 569 604 nannten
589 549 731 604 Kardinale
749 549 802 603 und
820 549 922 620 Jacobo
941 549 1062 603 Salvlatis
1081 549 1123 604 die
1142 551 1316 606 kaiserlichen
1334 553 1490 608 Gesandten
1510 575 1540 609 zu
1559 557 1754 611 bestimmen

452 638 573 709 gesucht,
593 647 655 692 statt
673 637 721 691 der
740 637 945 708 Ruclrberufung
967 639 1024 692 sich
1043 639 1091 691 mit
1110 638 1157 691 der
1175 639 1341 710 Suspension
1358 642 1406 696 der
1423 643 1510 697 Sache
1534 644 1668 700 aufrieden
1688 665 1719 700 zu

452 727 555 796 geben3
583 727 648 780 aber
671 726 832 797 vergeblich.
870 725 950 781 Ohne
977 726 1028 780 den
1054 727 1134 798 Papst
1160 746 1191 780 au
1217 729 1434 800 entschuldigen,
1463 747 1494 784 so
1522 731 1590 786 fahrt
1618 733 1718 788 Bennet

452 815 552 882 weiter,
576 815 650 868 fuhle
672 833 700 870 er
723 816 780 868 sich
804 816 867 869 dem
886 815 976 885 Konig
994 816 1151 886 gegent'rber
1170 817 1336 881 verbunden,
1357 819 1607 890 wahrheitsgemafs
1626 839 1657 875 zu
1677 839 1718 876 er·

451 903 549 970 lieren,
568 903 632 970 dass,
652 921 733 957 wenn
752 906 775 973 je
795 913 878 970 soust,
898 901 939 958 Cl.
955 903 1012 957 VH.
1036 905 1063 957 in
1082 903 1169 958 dieser
1187 905 1274 958 Sache
1292 905 1354 958 dem
1369 905 1523 977 Veriangen
1547 907 1594 962 des
1614 909 1718 980 Kbnigs

451 1011 481 1046 zu
501 992 677 1063 entsprechen
697 992 845 1046 wirnschte.
883 991 921 1062 (if
936 1008 1000 1046 ever
1023 992 1069 1045 the
1088 992 1162 1063 Pope
1182 994 1286 1047 uu'shed
1309 1004 1338 1047 to
1357 994 1448 1064 plesse
1472 1013 1540 1067 your
1558 996 1657 1064 Grace,
1683 999 1717 1052 be

450 1080 494 1134 did
512 1097 543 1134 so
562 1083 588 1134 in
607 1081 660 1135 this
679 1098 748 1135 case.
777 1081 893 1144 Brewer,
913 1080 958 1134 IV.
977 1099 1003 1135 n.
1017 1079 1109 1150 6074.)
1144 1080 1208 1135 Also
1223 1081 1290 1135 wird
1308 1083 1433 1136 niemand
1452 1085 1596 1139 bestreiten
1614 1085 1716 1154 durfen,

450 1167 505 1224 dafs
524 1169 572 1224 der
584 1169 664 1240 Papst
683 1169 769 1223 nichts
783 1169 943 1223 unversucht
958 1168 1024 1235 licis,
1043 1186 1088 1222 um
1104 1170 1160 1223 sein
1180 1169 1242 1224 dem
1256 1171 1346 1241 Kdnig
1364 1172 1519 1242 gegebenes
1530 1171 1718 1244 Versprechen

450 1277 463 1311 z
535 1257 543 1310 l
593 1301 598 1312 .

465 1275 481 1312 u
501 1259 590 1400 hat{ii
610 1347 671 1400 dem
691 1345 929 1400 Schlufsabsclmitt
948 1346 1012 1400 uber
1031 1346 1077 1398 das
1093 1345 1177 1400 Breve
1197 1363 1260 1399 vom
1281 1363 1304 1415 7.
1319 1345 1441 1400 Olrtober
1456 1363 1523 1419 1529
1541 1351 1624 1422 vergl.
1645 1351 1716 1405 oben

450 1435 494 1490 Nr.
516 1450 556 1505 71.

996 1629 1062 1712 89.

391 1789 570 1859 Clemens
591 1789 659 1858 Vll.
684 1811 722 1855 an
748 1787 939 1875 Gregorio
964 1787 1107 1855 Casale.
1155 1787 1251 1871 Rom,
1280 1810 1327 1874 14.
1352 1788 1539 1877 September
1566 1811 1658 1878 1530·

451 1949 629 2020 Verurleifung
642 1949 740 2018 einiger
753 1947 910 2000 Excedealen
928 1964 1015 2017 stegen
1028 1945 1217 1999 verschiedener
1234 1946 1384 2000 Verbrechen
1404 1950 1457 2001 und
1469 1967 1556 2020 wagan
1570 1949 1713 2023 Fdlscbung

336 2039 489 2114 palpellicber
512 2037 643 2092 Scfrreilten
668 2053 697 2106 (a
719 2035 806 2100 Gela,
831 2034 1030 2104 Konfislealions-
1057 2035 1110 2087 und
1132 2035 1243 2088 anderen
1268 2033 1378 2106 Strasen.
1417 2037 1475 2107 Ares
1491 2037 1630 2109 Gregorius
1654 2041 1712 2092 Aa·

339 2137 429 2202 tragen
449 2127 569 2197 uberldsst
588 2125 634 2180 dar
653 2123 727 2197 Papst
744 2123 845 2188 diesem,
863 2123 898 2176 da
917 2141 944 2176 er
965 2123 1107 2176 Gesandler
1124 2123 1167 2175 des
1186 2123 1285 2194 Kdaigs
1303 2142 1356 2177 von
1375 2124 1496 2196 England
1513 2129 1558 2192 sei,
1575 2127 1623 2180 den
1640 2127 1712 2181 Voll-

339 2235 387 2292 (εις
402 2221 475 2290 jener
494 2215 596 2288 Strasen
622 2216 668 2268 aiil
686 2213 732 2266 der
751 2211 869 2276 Freibeit,
893 2211 1014 2265 dieselbrn
1034 2209 1098 2264 aucb
1114 2211 1263 2282 gericbllicb
1284 2214 1451 2282 eiaautreiben
1476 2215 1529 2266 rand
1546 2215 1627 2268 domii
1645 2217 1713 2270 nach

341 2305 454 2360 Brilebra
473 2323 503 2376 (a
523 2302 668 2376 uersahren.

565 2443 626 2512 Dii.
650 2441 717 2510 filio
741 2441 900 2528 Gregorio
925 2441 1050 2509 Casalio
1074 2442 1132 2508 civi
1157 2459 1188 2508 et
1212 2441 1302 2509 militi
1326 2443 1485 2510 Romano.

443 2588 483 2656 D.
513 2585 532 2655 f.
562 2609 586 2654 s.
634 2585 757 2673 Exponi
789 2582 881 2650 nobis
911 2605 1012 2671 nuper
1041 2581 1156 2665 fecisti,
1186 2581 1272 2671 quod
1303 2583 1376 2650 alias
1405 2583 1567 2672 quondam
1597 2586 1710 2653 Petrus

337 2693 513 2764 Gambarus
536 2693 636 2761 almae
654 2689 747 2758 Urbis
771 2707 899 2758 nostrae
915 2690 1046 2756 vicarius
1070 2687 1225 2777 quosdam
1241 2688 1429 2756 Michaelem
1454 2701 1486 2757 et
1500 2691 1615 2778 lo'seph
1638 2693 1708 2759 eius

336 2799 435 2870 lilium
452 2797 491 2868 de
508 2797 673 2866 boraschis
697 2819 731 2864 ac
748 2795 915 2863 Simonem
931 2795 1084 2882 Burgium
1106 2812 1136 2861 et
1152 2794 1295 2861 Marcum
1320 2793 1359 2862 de
1376 2795 1554 2863 Carissimis
1577 2809 1708 2885 propter

337 2905 488 2976 nonnulla
512 2927 658 2974 excessus
683 2915 713 2971 et
730 2901 872 2983 crimina,
896 2901 989 2968 etiam
1015 2898 1246 2967 falsificationes
1265 2900 1436 2968 litterarum
1461 2902 1707 2990 apostolicarum

336 3035 390 3104 per
414 3035 470 3082 eos
500 3025 533 3081 ut
557 3009 716 3079 dicebatur
743 3019 933 3098 perpetrata,
962 3005 1001 3074 ad
1025 3029 1132 3074 coram
1163 3030 1203 3074 eo
1227 3005 1305 3073 infra
1333 3027 1454 3074 certum
1482 3021 1607 3096 tempus
1635 3032 1707 3097 per-

335 3117 484 3188 sonaliter
520 3113 770 3206 comparendum
806 3113 863 3182 sub
896 3115 988 3182 certis
1023 3113 1227 3202 pecuniarum
1262 3125 1294 3181 et
1327 3112 1433 3180 forsan
1468 3113 1707 3184 confiscationis

334 3225 492 3294 bonorum
519 3235 549 3294 et
573 3221 711 3292 confessi
735 3218 839 3290 delicti
861 3243 897 3288 ac
921 3219 986 3287 aliis
1010 3220 1122 3308 poenis
1152 3220 1294 3300 monuit,
1321 3237 1351 3286 et
1379 3221 1449 3308 quia
1473 3219 1551 3288 infra
1578 3239 1707 3310 tempus

335 3333 378 3400 eis
395 3329 433 3400 ad
450 3327 700 3420 comparendum
717 3325 889 3416 praefixum
914 3348 981 3393 non
1004 3338 1256 3414 comparuerant,
1281 3347 1337 3391 eos
1360 3327 1552 3412 pecuniarias
1576 3345 1607 3394 et
1629 3326 1707 3396 alias

335 3459 452 3528 perenna
482 3433 662 3506 luriusmodi
691 3435 858 3502 incurrisse
886 3431 1062 3500 declaravit.
1109 3431 1218 3512 Quare
1246 3453 1304 3519 pro
1333 3443 1419 3519 parte
1446 3445 1499 3499 tua
1526 3431 1618 3500 nobis
1644 3431 1706 3502 fuit

335 3541 492 3614 inuuiiilet
515 3541 733 3632 supplicatum,
758 3552 791 3608 ut
814 3540 1007 3628 pecuniarias
1031 3549 1062 3604 et
1085 3537 1157 3604 alias
1188 3560 1307 3626 poenas
1331 3536 1502 3625 praedictas
1525 3538 1564 3605 ad
1587 3561 1646 3606 nos
1672 3561 1705 3608 et

333 3671 488 3722 caruerant
519 3647 723 3740 apostolicam
753 3657 931 3735 spectantes
955 3657 986 3712 et
1014 3645 1207 3733 pertinentes
1235 3642 1289 3710 tibi
1318 3642 1437 3711 donare
1465 3656 1497 3712 et
1525 3643 1703 3714 concedere

333 3753 371 3826 tle
396 3753 588 3842 benignitate
617 3751 788 3846 apostolica
813 3751 1026 3839 dignaremur.
1073 3750 1144 3818 Nos
1165 3750 1231 3830 tibi,
1259 3751 1311 3838 qui
1336 3750 1485 3818 carissimi
1514 3753 1547 3818 in
1570 3751 1702 3820 Christo

334 3859 385 3930 liiii
412 3859 509 3932 rttralri
537 3859 663 3928 ilenrici
689 3857 820 3946 Angliae
845 3858 927 3946 regis
951 3857 1086 3938 illustris,
1109 3854 1183 3923 fidei
1207 3853 1383 3923 defensoris
1405 3856 1487 3943 apud
1509 3878 1570 3923 nos
1593 3869 1704 3926 orator

333 3967 448 4044 cuiatis,
478 3963 518 4036 ub
543 3977 628 4052 prilla
653 3987 707 4056 per
730 3975 762 4034 lc
786 3963 878 4032 nobis
909 3965 1051 4052 impensa
1075 3961 1225 4050 obsequia
1251 3959 1419 4050 specialem
1443 3964 1573 4049 gratiam
1597 3961 1703 4032 facere

332 4093 424 4164 truite
453 4071 593 4160 grauium
624 4069 729 4140 littore
753 4071 902 4160 prosequi
925 4069 1070 4136 volentes
1100 4065 1282 4135 huiusmodi
1312 4065 1589 4155 supplicationibus
1612 4069 1702 4137 incli-

332 4179 393 4250 nuti
419 4199 532 4248 tlltllltt
561 4189 591 4248 et
616 4175 753 4264 rirrgulas
777 4197 841 4246 tam
871 4177 1064 4266 pecuniarias
1087 4197 1122 4242 ac
1147 4171 1381 4241 confiscationis
1405 4172 1579 4256 bonorum,
1602 4197 1699 4263 quam

330 4285 402 4356 llius
427 4307 555 4378 pratellus,
579 4305 655 4376 qtrus
680 4281 855 4374 praedictus
870 4283 1002 4352 vicarius
1018 4280 1218 4361 Michaelem,
1242 4279 1412 4368 losephum
1429 4292 1460 4348 et
1478 4281 1643 4348 Simonem
1666 4303 1700 4350 et

331 4391 472 4464 Mutuum
497 4389 674 4484 praedictus
698 4391 863 4460 inurrrisse
884 4388 1050 4458 declaravit
1074 4398 1105 4456 et
1127 4388 1160 4453 in
1177 4409 1252 4475 quas
1277 4409 1332 4453 eos
1349 4386 1493 4454 declarari
1518 4387 1699 4474 contigerit,

329 4499 513 4570 ,turturinae
541 4496 712 4590 apostoliea
743 4521 779 4568 er
804 4519 889 4566 ruera
918 4515 1025 4564 nostru
1053 4491 1235 4561 liberalitate
1262 4505 1373 4561 tenore
1401 4493 1610 4580 praesentium
1639 4493 1697 4560 tibi

330 4605 486 4676 cicuruuus
511 4619 540 4676 el
558 4603 736 4694 elargimur,
761 4601 975 4674 corrcedeutes
997 4601 1050 4670 tibi
1068 4601 1193 4690 plenam
1218 4611 1248 4666 et
1271 4598 1398 4666 liberam
1419 4597 1605 4680 facultatem,
1629 4597 1697 4667 illas

330 4733 393 4780 tutu
423 4713 453 4780 in
485 4709 600 4782 iudicio
628 4733 722 4800 qtrruu
747 4723 833 4781 estur
862 4707 935 4778 illud
965 4707 1092 4798 petendi
1122 4718 1152 4775 et
1181 4703 1325 4792 exigendi
1353 4727 1388 4771 ac
1412 4716 1533 4772 exactas
1561 4707 1591 4771 in
1620 4717 1697 4775 tuos

330 4821 475 4908 purprios
499 4839 572 4888 usus
588 4815 684 4888 libere
708 4813 916 4888 corneliensi
939 4837 974 4884 ac
998 4813 1038 4884 dc
1053 4813 1112 4882 illis
1135 4823 1229 4901 prout
1253 4811 1293 4878 de
1315 4811 1381 4877 aliis
1399 4811 1491 4878 bonis
1513 4812 1573 4878 tuis
1598 4810 1697 4880 libere

330 4921 526 5012 disputandi.
574 4923 649 4994 Nou
679 4921 876 4994 ababtibus
905 4921 1027 4992 statutis
1055 4941 1086 4988 er
1115 4915 1394 4986 consuetudinibus
1417 4916 1516 4985 dictae
1540 4939 1696 5002 camerae,
