3782 5532
347 314 389 377 46
1464 321 1622 398 September
1645 325 1720 396 1528.

348 488 496 555 cristiano
520 497 552 552 et
574 483 705 552 volunta
728 483 760 552 di
782 483 847 553 sare
871 487 949 573 ogni
971 484 1077 553 buona
1101 508 1197 574 opera
1221 486 1254 551 in
1277 484 1361 552 l’una
1385 496 1416 553 et
1444 485 1542 553 l’altra
1563 499 1719 575 proposta

348 595 419 660 mia.
466 592 545 660 Cosi
576 590 681 679 pigliai
712 588 837 659 licentia
867 591 905 659 da
929 592 960 658 S.
996 592 1040 659 M.
1073 588 1263 658 offerendoli
1294 591 1324 658 la
1351 593 1468 660 servitii
1497 593 1570 674 mia,
1604 611 1636 659 et
1662 615 1721 681 per

347 698 509 768 l'absentia
535 720 591 764 sua
621 708 653 764 et
686 694 737 763 del
764 719 798 762 re
827 719 894 763 non
927 698 971 764 mi
1000 719 1092 785 pare,
1121 695 1204 764 ch’io
1233 699 1354 784 potessi
1388 696 1434 764 far
1466 698 1562 779 altro,
1594 697 1721 765 benche

347 802 526 873 restandoci
550 803 570 869 il
594 804 689 872 Rmo.
714 803 834 890 Legato
850 804 883 870 io
907 825 974 870 non
998 804 1027 870 ci
1050 803 1134 870 Iusse
1150 803 1251 869 anche
1275 806 1465 871 necessario.
1512 802 1655 885 Quando
1673 806 1719 870 mi

347 912 475 979 trovarb
506 911 537 976 in
565 909 690 995 Anglia,
722 909 850 996 seguirb
879 920 997 998 quanto
1030 907 1058 975 la
1089 910 1190 978 scrive
1220 909 1328 997 peria
1356 933 1411 976 sua
1440 909 1470 976 di
1500 909 1553 977 III.
1586 922 1617 977 et
1650 931 1721 976 non

348 1015 521 1083 mancherb
545 1037 601 1103 per
623 1026 742 1102 quanto
766 1037 900 1082 saranno
924 1014 953 1082 Ie
976 1014 1063 1081 forze
1087 1016 1160 1081 mie.

453 1121 500 1188 Lo
523 1119 626 1187 Illmo.
652 1119 731 1187 duca
754 1119 785 1187 di
806 1118 938 1188 Albania
963 1125 979 1188 ὲ
1003 1133 1084 1189 stato
1102 1143 1165 1188 con
1189 1143 1242 1188 me
1266 1133 1297 1190 et
1320 1122 1365 1188 mi
1388 1122 1428 1188 ha
1449 1120 1529 1189 fatto
1552 1120 1722 1189 intendere

347 1227 368 1293 il
391 1227 548 1295 desiderio
572 1249 631 1294 sno
656 1227 736 1294 circa
760 1225 789 1294 le
813 1249 889 1294 cose
912 1225 944 1294 di
967 1227 1090 1308 scotia,
1117 1227 1146 1294 al
1174 1226 1265 1316 quaie
1288 1225 1432 1294 secondo
1463 1227 1482 1293 il
1512 1226 1722 1295 commanda-

348 1344 459 1400 mento
484 1333 515 1399 di
537 1332 579 1399 N.
603 1332 740 1420 Signore
762 1333 794 1398 io
819 1355 885 1402 non
910 1334 1060 1400 mancarb
1085 1331 1227 1400 d’alcuna
1250 1335 1313 1398 mia
1340 1355 1447 1421 opera.
1493 1333 1551 1398 Lui
1574 1331 1722 1401 desidera

348 1457 475 1506 tornare
497 1437 526 1504 n
548 1460 604 1526 per
626 1436 783 1506 beneficio
807 1436 858 1505 dei
881 1461 984 1526 regno
1009 1451 1040 1507 et
1062 1437 1114 1506 del
1136 1462 1181 1520 re,
1205 1439 1363 1506 chiamato
1393 1437 1443 1507 dal
1471 1461 1505 1504 re
1529 1459 1560 1505 et
1584 1437 1616 1506 di
1640 1461 1721 1506 con-

347 1547 543 1612 sentimento
572 1543 683 1612 deire
712 1543 743 1611 di
772 1544 903 1632 Anglia,
936 1568 976 1612 ne
1000 1544 1030 1611 la
1059 1545 1131 1636 quai
1160 1568 1234 1612 cosa
1263 1542 1405 1612 desidera
1431 1544 1588 1612 l’autorita
1615 1543 1646 1611 di
1674 1545 1719 1612 N.

348 1653 485 1739 Signore
509 1662 540 1719 et
562 1651 645 1718 inter
667 1663 787 1733 cetera,
815 1649 874 1718 che
897 1652 924 1718 si
946 1663 1106 1740 prometta
1129 1650 1157 1717 al
1185 1674 1219 1718 re
1247 1650 1287 1718 de
1310 1649 1496 1738 inghilterra
1523 1651 1657 1718 nomine
1687 1650 1720 1718 di

347 1759 388 1826 N.
414 1757 559 1846 signore,
583 1757 643 1824 che
665 1768 748 1824 tutto
772 1757 877 1846 quello
900 1760 1105 1846 prometteri,
1129 1756 1161 1823 lo
1185 1779 1359 1838 osservera,
1384 1756 1404 1822 il
1427 1756 1486 1824 che
1508 1758 1610 1844 prima
1630 1756 1719 1824 ch'io

347 1863 380 1930 lo
402 1864 581 1952 proporia¹‚
606 1864 650 1929 mi
673 1885 746 1952 pare
771 1865 949 1931 necessario
965 1863 1104 1932 haverne
1127 1863 1148 1930 il
1170 1863 1279 1931 volere
1303 1876 1333 1930 et
1357 1864 1588 1930 commissione
1604 1860 1636 1929 di
1652 1861 1718 1929 Sua

348 1967 554 2038 beatitudine.
640 1979 648 1994 ⁸

453 2073 594 2157 Quando
624 2075 723 2163 passai
750 2097 807 2163 per
830 2074 1021 2162 Cavaglion,
1050 2077 1151 2144 trovai
1178 2075 1199 2142 li
1230 2075 1250 2141 il
1273 2075 1463 2144 Reverendo
1486 2076 1720 2162 Carpentren.²

347 2195 467 2277 venuto
491 2205 547 2270 per
569 2182 790 2263 incontrarmi,
822 2201 852 2250 et
876 2183 908 2248 in
932 2181 1005 2270 quel
1028 2204 1203 2270 congresso
1228 2184 1271 2249 mi
1295 2181 1379 2249 disse
1402 2181 1512 2249 alcune
1536 2203 1627 2262 cose,
1656 2180 1719 2247 che

348 2312 403 2378 per
427 2289 533 2356 honor
556 2286 587 2355 di
610 2287 652 2355 N.
677 2287 812 2375 Signore
837 2299 868 2355 et
891 2286 973 2355 Sede
997 2287 1181 2375 Apostolica
1204 2289 1249 2354 mi
1273 2311 1327 2376 par
1350 2289 1546 2366 neeessariO,
1573 2287 1632 2354 che
1655 2286 1721 2354 Sua

348 2397 467 2463 Santitt
489 2393 533 2482 gli
555 2393 706 2482 proveda‚
730 2393 879 2482 allaquaie
908 2413 939 2461 et
969 2393 1030 2482 egli
1059 2393 1134 2461 etii
1162 2393 1261 2462 baron
1292 2392 1343 2460 del
1366 2395 1472 2481 Burgo
1501 2417 1541 2460 ne
1569 2394 1720 2460 scriveno

347 2502 385 2570 ad
408 2501 554 2591 plenum;
586 2502 630 2568 mi
652 2523 726 2588 pare
749 2523 806 2589 per
829 2499 936 2568 debito
962 2501 1038 2582 mio,
1067 2499 1168 2570 anche
1197 2499 1476 2568 raccommandare
1508 2498 1610 2588 quelle
1640 2521 1720 2566 cose

347 2609 450 2676 aSua
473 2606 686 2690 Beatitudine3
720 2620 751 2675 et
774 2629 840 2674 non
870 2605 1016 2674 havendo
1044 2605 1124 2674 altro
1157 2606 1367 2675 humilmente
1400 2606 1490 2674 bacio
1519 2605 1539 2671 li
1569 2606 1617 2672 sui
1647 2627 1721 2672 san-

347 2716 460 2783 tissimi
484 2712 568 2802 piedi
592 2732 623 2781 et
647 2737 664 2780 a
687 2714 727 2781 V.
752 2713 783 2781 S.
808 2715 853 2780 mi
876 2710 1134 2780 raccommandu

454 2820 496 2887 Di
519 2820 623 2908 Parigi
644 2819 694 2886 alli
722 2823 770 2886 16.
795 2818 826 2886 di
849 2817 1029 2906 septembre
1057 2821 1149 2904 1528.

454 2924 611 2994 Havendo
635 2926 744 2992 scritto
768 2937 878 3013 questa
901 2924 944 2992 ho
968 2925 1086 2994 havuto
1110 2924 1208 2992 l'altra
1231 2949 1287 2993 sua
1310 2925 1341 2992 di
1364 2925 1401 2992 II.
1427 2924 1457 2991 di
1474 2922 1664 3013 septembre,
1686 2937 1721 2991 et

348 3055 404 3120 per
427 3054 494 3098 non
512 3042 622 3100 tenere
645 3031 667 3096 ii
682 3032 821 3098 corriero
845 3032 878 3098 in
901 3043 1024 3120 tempo,
1048 3031 1106 3099 che
1122 3054 1140 3097 a
1157 3053 1239 3118 pena
1256 3033 1300 3098 mi
1316 3031 1355 3098 ha
1371 3043 1532 3118 expettato
1550 3029 1580 3098 di
1597 3041 1720 3118 questa,

349 3157 471 3205 ernon
495 3135 641 3204 havendo
665 3137 765 3204 anche
788 3135 961 3219 deriserata,
985 3160 1053 3204 non
1077 3137 1230 3225 rispondo
1254 3137 1293 3204 lei
1317 3135 1407 3204 altre.

1031 3243 1085 3310 Uti
1109 3241 1190 3309 fflius
1554 3313 1560 3326 ⁸

1250 3313 1285 3381 L.
1310 3312 1382 3381 Car.
1407 3313 1611 3401 Campegrus.

559 3471 719 3527 Nunziatura
738 3471 764 3524 di
782 3470 874 3526 Germ.
894 3470 947 3527 vol.
963 3486 991 3540 53
1008 3471 1025 3526 f.
1040 3486 1186 3540 124-127,
1212 3471 1306 3542 EinIge
1320 3471 1499 3526 Bruehstucke
1512 3471 1554 3526 bei
1567 3469 1719 3538 Laemmer,

453 3560 573 3616 Monum.
588 3560 673 3616 Vatic.
686 3578 711 3632 p.
726 3574 767 3628 24,
786 3560 849 3614 aber
867 3561 915 3613 mit
928 3559 1096 3614 verkehrtem
1110 3560 1209 3614 Datum
1223 3561 1279 3627 (18.
1292 3559 1463 3630 September)
1478 3557 1531 3611 und
1543 3558 1591 3612 mit
1604 3557 1721 3614 [alscher

453 3649 582 3702 Adresse:
608 3647 771 3720 Campegius
795 3649 827 3702 ad
846 3647 975 3719 Sangam,
1000 3649 1042 3702 ein
1060 3647 1169 3716 Irrtum,
1193 3648 1245 3702 den
1264 3648 1293 3702 L.
1313 3647 1355 3701 bei
1379 3646 1447 3700 allen
1472 3646 1616 3700 Schreiben
1636 3644 1718 3700 Cam-

453 3740 568 3810 peggios
587 3753 633 3790 aus
651 3735 774 3808 England
792 3735 959 3790 beibehaiten
979 3736 1031 3790 hat.
1062 3735 1118 3790 Der
1136 3733 1366 3808 miteingeheftete
1381 3733 1529 3805 Umschlag
1549 3735 1622 3788 einer
1640 3733 1718 3787 Post-

454 3824 575 3896 sendung
594 3842 640 3878 aus
653 3824 776 3895 Engiand
794 3841 827 3878 an
842 3825 930 3896 Sanga
950 3825 993 3878 hat
1013 3825 1078 3878 dazu
1091 3823 1115 3878 V
1118 3825 1291 3895 eranlassung
1310 3823 1448 3896 gegeben;
1474 3823 1535 3877 aber
1554 3823 1597 3875 die
1616 3822 1720 3876 hierio

454 3913 577 3967 Betracht
590 3912 771 3966 hommenden
784 3911 880 3966 Stircire
899 3923 993 3983 tragen
1012 3913 1250 3968 verschiedentlich
1269 3913 1311 3966 die
1330 3911 1507 3982 vollstindige
1519 3909 1667 3964 Aufschrift
1684 3927 1720 3964 an

453 4001 508 4072 Jak.
528 4000 642 4056 Salviati.
680 4000 805 4068 Theiner,
825 4019 850 4072 p.
872 4000 1010 4071 567-570
1028 4001 1073 4056 hat
1092 4001 1134 4055 die
1153 4001 1270 4056 Adresse
1293 3999 1511 4072 richtiggesteilt,
1534 4000 1597 4053 aber
1616 3997 1719 4070 gleich-

454 4088 512 4143 Ialls
525 4088 612 4144 ausser
625 4091 698 4144 einer
711 4089 795 4144 Reihe
808 4088 919 4143 anderer
929 4089 1178 4162 Ungenauigkeiten
1192 4092 1236 4144 ein
1249 4090 1466 4144 verschriebenes
1479 4088 1578 4142 Datum
1593 4085 1646 4155 (16.
1660 4085 1719 4140 No-

454 4178 583 4248 vember),
606 4179 674 4231 auch
698 4177 763 4232 sehlt
782 4177 823 4232 die
842 4177 928 4232 hleine
947 4177 1129 4232 Nachschrift:
1153 4178 1283 4232 Havendo
1302 4186 1352 4232 etc.
1389 4167 1462 4232 Uber
1485 4175 1536 4230 den
1557 4177 1653 4230 Irrtum
1678 4176 1721 4228 bei

453 4267 562 4320 Brewer
581 4265 677 4337 vergi.:
702 4265 752 4320 Die
771 4265 918 4338 ptpstliche
939 4263 1080 4320 Dekretale
1099 4283 1122 4320 a.
1142 4285 1164 4321 a.
1185 4266 1219 4322 O.
1239 4267 1264 4321 S.
1286 4282 1326 4336 35.
1359 4265 1420 4319 Von
1439 4263 1491 4318 den
1511 4263 1720 4318 verschiedenen

453 4353 511 4408 hier
529 4353 685 4408 erwalmten
705 4353 849 4408 Schreiben
868 4353 988 4408 Salviatis
1013 4355 1096 4408 bezw.
1121 4356 1208 4409 seines
1228 4355 1363 4409 Sekrettrs
1382 4353 1470 4424 Sanga
1495 4369 1527 4406 an
1548 4351 1719 4423 Campeggio

454 4442 512 4496 sind
531 4441 680 4514 diejenigen
701 4459 764 4496 vom
786 4459 816 4512 3,
830 4459 871 4498 21.
885 4442 938 4497 und
952 4444 992 4498 28.
1013 4443 1117 4513 August
1136 4444 1210 4497 nicht
1228 4443 1355 4510 erhalten,
1375 4443 1421 4496 das
1441 4457 1504 4496 vom
1523 4457 1547 4495 2.
1561 4441 1720 4512 September

454 4531 524 4586 steht
543 4531 585 4584 bei
603 4530 727 4598 Ruscelli,
747 4530 815 4588 Lett.
834 4531 860 4586 di
879 4531 976 4586 diversi
993 4531 1133 4586 eccellenti
1151 4533 1244 4599 autori,
1264 4532 1377 4587 Venetia
1398 4529 1473 4600 1556,
1492 4547 1517 4600 p.
1540 4546 1579 4601 39,
1604 4529 1719 4583 demach
1785 4523 1788 4530 '

454 4621 496 4674 bei
515 4619 668 4688 Porcacchi,
687 4620 755 4674 Lett.
774 4619 800 4673 di
819 4620 889 4676 XIII.
909 4621 1029 4676 huomini
1047 4619 1149 4688 illustri,
1170 4621 1362 4688 Venetiarsssz
1382 4619 1399 4674 f.
1417 4621 1457 4674 18.
1494 4618 1546 4672 Die
1565 4635 1619 4672 von
1637 4616 1718 4671 Cam-

455 4708 555 4778 peggio
574 4709 600 4761 in
614 4705 686 4761 Paris
705 4708 889 4764 Iiberreichten
903 4709 1007 4764 brenen
1025 4727 1058 4764 an
1072 4710 1123 4764 den
1137 4709 1227 4780 Kbnig
1240 4709 1293 4762 und
1305 4708 1347 4761 die
1360 4708 1494 4780 Regentin
1507 4706 1605 4776 Louise
1624 4706 1719 4760 stehen

455 4795 482 4848 in
504 4793 580 4850 Brev.
604 4797 667 4851 min.
688 4796 740 4856 vol.
764 4811 797 4850 22
823 4816 847 4853 n.
870 4812 919 4866 554
943 4797 996 4851 und
1017 4813 1074 4867 555,
1093 4797 1213 4864 Viterbo,
1236 4797 1275 4852 16.
1301 4796 1453 4868 Juli1528;
1482 4794 1528 4848 der
1553 4793 1648 4849 Zweck
1672 4793 1719 4848 der

350 4897 559 4905 ———-.-·-—-

456 4962 464 4991 ¹
483 4953 534 5008 Th.
553 4969 682 5025 propona.
790 4961 801 4993 ἱ
819 4955 870 5012 Th.
890 4955 1057 5028 Carpentras
