3824 5528
341 293 400 354 158
1033 299 1037 310 '
1559 302 1609 376 Juli
1633 317 1708 374 ¹530·

336 464 442 535 locum
466 465 600 554 Angliae
624 463 669 534 uti
693 489 760 532 non
783 475 902 546 tutum,
934 476 965 532 et
988 459 1025 531 ab
1049 461 1188 532 ulteriori
1217 487 1368 552 processu
1393 464 1574 552 appellabat.
1613 465 1708 532 Unde

336 573 488 640 Sanctitas
502 573 625 653 Vestra,
651 585 684 638 ut
708 595 756 638 res
781 591 902 639 mature
926 569 1123 658 procederet,
1148 569 1314 653 ordinavit,
1340 569 1425 660 quod
1451 573 1636 638 commissio
1659 595 1708 638 re-

335 679 428 766 ginae
452 697 683 767 proponeretur
707 679 738 744 in
763 679 932 764 signatura,
959 689 989 744 et
1013 675 1099 766 quod
1123 675 1192 744 data
1217 676 1393 744 oratoribus
1417 677 1496 743 illius
1521 677 1580 766 (sc.
1605 678 1706 766 regis)

336 787 426 872 copia
454 787 622 851 citarentur
653 783 691 851 ad
721 783 935 869 allegandum,
965 806 1060 872 quare
1091 781 1172 849 dicta
1200 782 1386 848 commissio
1410 782 1526 868 signari
1559 806 1625 850 non
1653 783 1708 851 de-

335 891 448 958 beret¹
493 891 663 978 Propterea
692 888 804 957 auditis
833 891 966 977 saepius,
997 891 1090 956 etiam
1120 890 1151 954 in
1175 889 1333 976 signatura
1365 911 1399 954 re
1423 887 1538 954 diutius
1562 889 1708 957 ventilata

335 999 437 1064 visum
463 1016 508 1063 est
540 997 717 1081 signaturae
746 997 890 1062 omnium
916 996 999 1062 votis
1023 997 1054 1061 in
1079 1017 1178 1061 unum
1202 992 1478 1076 concurrentibus,
1507 995 1593 1084 quod
1617 1019 1708 1062 causa

336 1115 464 1190 propter
492 1100 672 1169 manifestas
696 1103 891 1188 suspiciones
916 1115 947 1169 et
975 1103 1068 1168 etiam
1099 1112 1227 1188 propter
1255 1100 1499 1188 appellationem
1529 1105 1709 1170 committe-

334 1226 420 1276 retur
443 1210 473 1274 in
499 1209 595 1290 Rota,
618 1230 685 1275 non
710 1207 866 1289 obstante,
890 1206 977 1296 quod
1005 1231 1095 1274 causa
1120 1225 1202 1273 esset
1226 1209 1396 1273 commissa
1421 1206 1636 1289 cardinalibus,
1661 1233 1709 1274 re-

336 1316 499 1381 cusatione
523 1328 554 1380 et
577 1313 786 1401 appellatione
809 1326 943 1394 remota,
968 1315 1039 1402 quia
1063 1313 1289 1399 intelligeretur
1313 1313 1351 1380 de
1375 1311 1512 1380 frivola.‘—'

441 1437 544 1504 Causa
567 1435 682 1503 deinde
705 1438 737 1502 in
761 1436 844 1504 Rota
868 1439 1039 1503 commissa
1063 1437 1195 1524 petitum
1221 1434 1277 1502 luit
1300 1437 1338 1503 ab
1362 1437 1538 1504 oratoribus
1555 1437 1709 1524 Anglicis,

335 1543 421 1632 quod
446 1545 476 1608 in
502 1566 537 1609 ea
560 1542 815 1630 supersederetur
840 1566 937 1631 usque
962 1542 998 1609 ad
1024 1566 1078 1608 sex
1103 1565 1239 1618 menses,
1264 1541 1350 1630 quod
1374 1541 1490 1611 factum
1516 1556 1571 1611 est.

441 1667 508 1734 Nec
533 1691 604 1734 cum
630 1667 751 1734 ratione
780 1679 885 1754 potest
909 1669 1061 1756 conqueri
1085 1689 1149 1746 rex,
1178 1664 1264 1755 quod
1289 1665 1434 1734 cardinali
1460 1668 1637 1755 Carnpegio
1661 1671 1709 1734 in·

336 1774 477 1840 iunctum
501 1773 604 1853 fuerit,
628 1770 714 1860 quod
738 1773 769 1837 in
787 1795 878 1838 causa
902 1795 968 1838 non
994 1773 1222 1859 pronuntiaret,
1247 1773 1306 1838 nisi
1330 1774 1414 1859 prius
1438 1771 1477 1839 de
1494 1785 1573 1840 statu
1597 1796 1709 1840 causae

336 1889 367 1945 et
390 1877 519 1966 qualiter
543 1877 671 1944 ferenda
700 1889 781 1944 esset
805 1879 976 1958 sententia,
1000 1879 1147 1944 Vestram
1172 1877 1375 1945 Sanctitatem
1405 1876 1607 1958 admoneret,
1636 1881 1708 1968 quia

336 2008 394 2050 nec
418 2008 485 2050 rem
515 2007 632 2050 novam
661 2007 719 2049 nec
742 1983 900 2050 insolitam
930 1981 1019 2064 fecit3
1053 2007 1125 2048 nam
1157 1983 1250 2068 legati
1278 1981 1317 2049 de
1342 1982 1451 2065 latere,
1480 1984 1591 2073 quibus
1616 2008 1709 2051 causa

335 2089 434 2178 aliqua
463 2091 659 2175 interreges
686 2101 738 2155 aut
762 2111 893 2175 magnas
916 2111 1068 2176 personas
1096 2087 1260 2155 iudicanda
1283 2091 1503 2170 committitur,
1532 2113 1706 2180 numquam

334 2195 418 2261 soliti
441 2207 514 2261 sunt
537 2193 619 2260 illam
645 2193 800 2274 decidere,
825 2194 883 2260 nisi
912 2195 996 2282 prius
1021 2193 1059 2261 de
1083 2194 1232 2260 omnibus
1257 2193 1446 2262 Pontificem
1472 2194 1707 2263 admonuerim.

335 2299 434 2383 Quod
460 2301 544 2367 enim
569 2302 626 2389 ipsi
651 2301 829 2389 Campegio
853 2301 1028 2368 iniunctum
1055 2313 1116 2382 est,
1145 2323 1212 2366 non
1236 2300 1275 2367 ad
1299 2300 1532 2389 impediendam
1558 2303 1706 2369 iustitiam

335 2405 518 2474 mandatum
543 2425 600 2487 est,
625 2405 679 2474 sed
696 2419 729 2473 ut
754 2405 837 2488 illud,
861 2404 899 2472 ad
923 2405 1010 2496 quod
1035 2431 1072 2473 ex
1094 2403 1202 2473 officio
1227 2429 1285 2473 suo
1309 2405 1483 2488 tenebatur,
1507 2406 1708 2495 adirnpleret;

336 2513 396 2579 hoc
420 2525 525 2579 autem
550 2531 708 2579 servatum
729 2523 775 2579 est
799 2535 836 2578 ex
852 2513 945 2578 variis
969 2514 1068 2579 causis
1089 2533 1119 2579 et
1136 2513 1283 2594 maxime,
1309 2525 1341 2578 ut
1359 2535 1491 2593 errores,
1514 2514 1540 2579 si
1558 2511 1650 2603 aliqui
1672 2515 1705 2579 in

335 2616 533 2706 providendo
551 2620 787 2700 intervenerint,
813 2619 1033 2699 emendentur,
1058 2631 1089 2685 et
1105 2620 1130 2684 si
1146 2619 1384 2706 pronuntiatum
1402 2617 1503 2700 luerit,
1523 2632 1557 2686 ut
1572 2619 1707 2707 querelis

336 2722 584 2790 incumbentium
609 2722 756 2790 Pontifex
779 2721 967 2791 informatus
989 2724 1089 2811 possit
1114 2747 1255 2810 congrue
1279 2722 1482 2812 respondere.

439 2847 516 2915 Non
540 2867 673 2936 possunt
702 2848 795 2914 etiam
827 2859 969 2914 oratores
997 2849 1150 2936 conqueri
1181 2847 1219 2914 de
1250 2847 1362 2914 ultimo
1390 2846 1492 2929 brevi,
1521 2862 1595 2935 post
1619 2871 1706 2914 com-

335 2954 462 3020 missam
491 2955 523 3020 iu
546 2953 630 3021 Rota
653 2976 777 3020 causam
802 2954 868 3041 regi
899 2965 1109 3040 praesentem,
1138 2954 1209 3042 quia
1240 2955 1271 3019 in
1303 2976 1342 3019 eo
1373 2955 1612 3020 matrimonium
1637 2977 1705 3020 esse

335 3059 408 3124 iuris
431 3059 558 3146 positivi
587 3082 652 3124 non
678 3057 800 3140 dicitur,
824 3071 858 3126 ut
882 3070 1025 3126 oratores
1048 3057 1273 3147 praetendunt,
1302 3058 1358 3126 sed
1382 3058 1640 3147 prohibitionem,
1664 3083 1705 3127 ne

335 3165 403 3253 quis
427 3187 559 3231 uxorem
583 3163 683 3231 fratris
711 3166 759 3231 sui
787 3165 855 3231 sine
878 3164 967 3253 prole
991 3163 1129 3232 defuncti
1158 3165 1189 3230 in
1214 3187 1303 3231 suam
1327 3164 1434 3246 ducat,
1458 3187 1527 3232 esse
1551 3167 1625 3232 iuris
1648 3189 1704 3253 po-

334 3269 416 3336 sitivi
447 3281 478 3336 et
508 3293 563 3358 per
591 3271 814 3337 Innocentium
844 3269 898 3336 IV.
928 3269 1141 3338 introductam
1171 3269 1293 3352 dicitur,
1322 3288 1353 3337 et
1380 3269 1533 3353 subditur,
1562 3271 1648 3361 quod
1678 3275 1703 3336 si

335 3395 417 3442 esset
440 3377 514 3442 iuris
538 3375 646 3458 divini,
670 3374 756 3464 quod
776 3400 814 3442 ex
838 3377 916 3443 iusta
941 3399 1032 3442 causa
1055 3387 1161 3464 potest
1184 3375 1331 3444 Pontifex
1355 3395 1464 3443 contra
1488 3399 1557 3444 eam
1582 3375 1705 3464 dispen-

333 3503 411 3548 sare.
451 3480 551 3564 Quod
579 3481 673 3548 breve
701 3494 823 3549 tantum
853 3483 1004 3570 scriptum
1033 3494 1080 3549 est
1109 3481 1147 3548 ad
1175 3479 1352 3549 tollendum
1382 3483 1594 3550 conscientiae
1622 3505 1704 3549 scru-

333 3586 458 3674 pulum,
483 3610 547 3676 quo
570 3611 625 3654 rex
654 3586 815 3654 molestari
844 3585 1106 3676 conquerebatur,
1134 3610 1202 3654 non
1230 3600 1335 3654 autem
1364 3587 1402 3654 ad
1431 3586 1702 3655 determinandam

334 3717 458 3761 causam
483 3694 564 3760 inter
587 3695 689 3780 ipsum
716 3705 746 3759 et
769 3695 911 3780 reginam
937 3705 1123 3774 vertentem,
1152 3692 1238 3783 quod
1261 3706 1356 3781 patet,
1379 3695 1450 3782 quia
1474 3695 1531 3782 ipsi
1556 3693 1614 3760 soli
1638 3695 1702 3780 regi

333 3797 475 3867 scribitur
508 3811 537 3866 et
567 3822 633 3865 non
665 3798 747 3881 aliis3
780 3800 857 3866 item
885 3818 985 3887 patet,
1014 3797 1090 3866 dum
1119 3801 1149 3866 in
1180 3821 1219 3866 eo
1249 3799 1370 3882 dicitur,
1400 3798 1486 3889 quod
1514 3801 1539 3866 si
1568 3799 1701 3889 placeret

334 3906 437 3992 regiae
460 3905 626 3984 Maiestati,
651 3905 804 3972 Sanctitas
817 3905 930 3972 Vestra
955 3928 1047 3992 super
1070 3904 1301 3992 impedimento
1325 3903 1364 3972 de
1388 3929 1475 3972 novo
1499 3905 1701 3993 dispensaret,

333 4022 364 4078 et
388 4023 554 4098 propterea
583 4009 751 4076 clarissime
781 4023 919 4092 constat,
948 4010 1034 4099 quod
1063 4012 1094 4077 in
1119 4035 1158 4078 eo
1183 4035 1250 4078 non
1278 4013 1551 4099 praesupponitur,
1580 4010 1702 4100 dispen-

333 4117 489 4184 sationem
519 4117 653 4204 primam
681 4114 776 4183 fuisse
806 4116 938 4200 bonam,
973 4136 1133 4203 praeterea
1158 4116 1237 4184 clare
1260 4128 1402 4205 apparet,
1432 4117 1518 4205 quod
1546 4116 1701 4205 praedicta

333 4246 399 4289 non
425 4222 616 4311 impediunt,
645 4224 720 4311 quin
750 4236 961 4310 cognoscatur
990 4223 1029 4290 de
1053 4223 1152 4290 causis
1177 4221 1430 4310 dispensationis,
1459 4245 1538 4312 quae
1561 4225 1585 4289 si
1611 4221 1702 4289 falsae

332 4329 558 4417 probabuntur,
583 4327 775 4416 dispensatio
800 4331 927 4410 corruit,
952 4341 983 4396 et
1007 4330 1246 4396 matrimonium
1271 4330 1329 4396 erit
1352 4327 1532 4396 invalidum.

442 4585 447 4614 ¹
468 4577 560 4647 Vergl.
580 4577 649 4629 oben
669 4577 694 4630 S.
715 4592 756 4646 95,
776 4579 855 4630 Anm.
877 4593 890 4630 2
911 4576 964 4630 und
983 4576 1024 4630 die
1044 4574 1232 4629 Schlussnoten
1251 4594 1281 4628 ru
1302 4576 1348 4630 Nr.
1367 4577 1409 4630 61.

439 4656 449 4684 ²
467 4647 522 4701 Das
542 4649 581 4700 ius
594 4663 688 4700 canon.
728 4655 835 4700 estattet
854 4647 896 4700 die
910 4647 1082 4718 Appellation
1101 4654 1167 4700 trotz
1181 4645 1228 4699 der
1240 4644 1359 4700 Klausel:
1380 4657 1511 4700 remotae
1531 4645 1602 4728 pell,
1622 4663 1701 4700 weun

333 4718 470 4771 enttveder
495 4733 563 4771 neue
588 4663 803 4787 Incidenziragen
827 4717 1011 4788 aulgeworfen
1037 4716 1157 4782 werden,
1183 4717 1248 4769 oder
1270 4716 1317 4769 der
1340 4715 1486 4788 delegierte
1508 4664 1616 4770 Richter
1640 4715 1702 4770 dem

333 4790 410 4842 einen
430 4790 495 4843 oder
514 4789 629 4841 anderen
649 4787 725 4841 Teile
748 4789 808 4842 lein
831 4789 947 4842 siclaeres
966 4786 1064 4841 Forum
1089 4804 1119 4840 zu
1140 4787 1227 4842 bieten
1246 4803 1369 4857 vermag,
1393 4787 1482 4841 beides
1501 4785 1586 4853 Falle,
1611 4787 1653 4840 die
1676 4788 1702 4840 in

334 4859 519 4930 vorliegender
544 4858 630 4912 Sache
655 4857 780 4914 zutrafen.
823 4858 930 4913 Decret.
951 4858 1033 4928 Greg.
1057 4857 1103 4911 1x.
1129 4856 1172 4911 lib.
1196 4857 1229 4912 ll.
1254 4859 1291 4910 tit.
1316 4857 1349 4910 de
1375 4857 1602 4927 appellationibus,
1627 4875 1650 4912 c,
1672 4873 1700 4928 33

334 4947 357 4983 u.
377 4943 419 4998 47.
458 4929 482 4982 S.
503 4929 569 4980 auch
589 4928 630 4981 die
649 4927 904 4983 Konsistorialalrten
925 4947 987 4982 vom
1011 4927 1049 4981 16.
1069 4927 1119 4998 Juli
1141 4943 1215 5000 1529·
