3842 5532
198 293 217 361 l.
238 303 353 374 Beilage.
1503 288 1566 354 269

197 468 305 534 anirno
320 490 414 534 verso
438 467 481 534 Su
497 465 628 549 Maesti,
652 464 736 534 ch’io
754 467 796 534 ho
813 463 917 535 inteso
942 458 980 534 da
1003 461 1043 534 lei
1067 476 1098 534 et
1122 486 1190 534 essa
1213 457 1252 534 da
1275 489 1327 532 me
1335 491 1343 548 ;
1369 475 1400 533 et
1422 464 1567 535 trallaltre

196 573 281 641 volte
305 597 372 640 non
397 575 424 640 ci
443 572 580 640 vedemo
605 573 822 640 ultimameute
847 575 878 640 in
896 573 1031 640 Venetia
1054 596 1145 640 senza
1169 573 1373 640 rincontrarci
1397 573 1429 638 in
1453 585 1566 660 questo

196 678 386 760 medesim0‚
410 677 598 745 mostrando
621 677 708 746 l'uno
733 699 764 746 et
783 678 884 746 l'altro
909 677 1077 762 desiderio,
1101 678 1160 746 che
1175 679 1297 746 Nostro
1321 678 1437 765 Signor
1453 679 1518 745 Dio
1542 681 1567 744 si

197 785 342 872 dignasse
370 787 452 873 aprir
480 785 500 851 li
524 785 616 852 occhi
639 808 656 850 a
680 784 730 851 chi
754 783 848 866 deve,
873 798 904 853 et
927 784 972 852 lar
994 784 1110 853 vedere
1138 783 1267 852 illume
1291 783 1330 851 de
1359 782 1386 850 la
1409 785 1508 852 veriti
1534 787 1566 850 in

196 904 305 980 questa
329 914 420 958 causa
443 890 474 958 di
497 903 587 960 tanto
611 902 781 958 momento
810 890 869 957 che
891 893 916 957 si
946 893 1037 979 agita.
1083 891 1126 957 Su
1151 891 1271 958 Maesti
1299 913 1393 958 come
1418 893 1435 956 e
1459 890 1567 978 benig-

197 999 325 1065 nissima
349 1010 380 1065 et
403 996 532 1065 intende
548 997 715 1065 volentieri
739 997 790 1064 chi
813 996 833 1063 li
856 996 1010 1077 referisse,
1035 997 1093 1064 che
1116 997 1137 1062 li
1154 998 1300 1064 conservi
1324 997 1517 1064 osservantia
1537 1016 1567 1063 et

197 1103 380 1186 devotione,
404 1105 430 1169 si
455 1107 472 1170 e
495 1102 630 1190 degnata
652 1102 743 1170 farmi
767 1115 880 1192 questo
905 1103 1030 1170 honore
1055 1126 1123 1169 non
1147 1102 1323 1170 solamente
1348 1101 1380 1169 di
1402 1101 1568 1169 ricordarsi

196 1209 227 1277 di
250 1233 302 1276 me
326 1211 359 1276 in
382 1221 495 1298 questo
519 1232 578 1276 suo
602 1232 692 1293 caso;
721 1232 773 1276 ma
796 1209 959 1297 parendoli
984 1209 1042 1276 che
1056 1211 1172 1278 Vostra
1196 1209 1342 1296 Signoria
1364 1231 1459 1297 possa
1483 1232 1569 1277 esser

197 1314 298 1382 molto
328 1326 390 1382 atta
418 1315 456 1382 ad
484 1317 582 1382 aiutar
610 1315 653 1383 Su
677 1316 798 1383 Maesti
821 1339 838 1384 a
861 1315 962 1405 quella
986 1317 1083 1384 veriti
1111 1316 1169 1383 che
1194 1339 1231 1384 va
1259 1313 1426 1397 cercando,
1455 1335 1486 1383 et
1514 1314 1567 1382 de

195 1421 363 1488 siderando
388 1423 634 1489 maximamente
659 1423 772 1489 havere
795 1421 1094 1490 l’amorevolissimo
1123 1435 1155 1490 et
1182 1422 1381 1510 pientissimo
1410 1421 1567 1508 consiglio

196 1539 228 1595 et
256 1527 376 1594 indrizo
405 1551 480 1609 suo,
508 1551 575 1594 non
604 1529 644 1594 ha
673 1527 783 1596 voluto
812 1528 894 1596 ch'el
922 1541 1069 1615 presente
1097 1526 1311 1616 gentilhom0,
1339 1527 1411 1616 qual
1437 1529 1522 1595 tiene
1551 1551 1567 1594 a

195 1653 287 1722 posta
302 1635 335 1699 in
350 1633 445 1714 Italia,
469 1657 525 1722 per
541 1646 654 1722 questo
671 1645 769 1701 conto
786 1634 904 1721 venghi
920 1632 958 1701 da
974 1634 1014 1701 lei
1030 1658 1064 1701 se
1080 1657 1148 1700 non
1169 1657 1225 1721 per
1242 1635 1304 1700 mia
1319 1632 1566 1716 introductione,

195 1740 283 1806 accio
312 1739 371 1808 che
394 1738 434 1807 lei
462 1739 575 1807 l’habbi
599 1764 615 1806 a
639 1762 814 1807 conoscere
843 1763 899 1827 per
927 1739 987 1806 tale
1016 1753 1047 1806 et
1075 1741 1161 1828 possi
1189 1739 1289 1828 parlar
1316 1761 1391 1806 seco
1420 1739 1524 1828 quello
1547 1739 1568 1806 li

196 1845 316 1913 detterd
339 1846 360 1912 il
384 1845 501 1933 Spirito
518 1845 626 1913 Santo.
670 1847 712 1912 Di
736 1846 795 1913 che
819 1844 927 1933 doppo
951 1868 1020 1914 rese
1044 1845 1073 1912 le
1097 1844 1201 1913 debite
1224 1847 1323 1932 gratie
1347 1869 1363 1910 a
1387 1845 1430 1911 Su
1446 1847 1566 1914 Maesti

196 1952 235 2018 V.
253 1952 400 2038 Signoria
416 1951 505 2032 vede‚
529 1964 647 2040 quanto
672 1973 755 2017 sono
775 1950 915 2039 obligato
939 1974 956 2017 a
973 1952 1013 2017 V.
1031 1951 1186 2038 Signoria,
1210 1974 1262 2017 ma
1285 1953 1385 2038 prima
1408 1974 1425 2016 a
1442 1952 1483 2018 N.
1500 1951 1568 2039 Sig-

197 2080 274 2125 nore
299 2057 374 2138 Di0,
404 2056 462 2124 che
491 2059 535 2122 mi
558 2055 608 2124 dia
636 2068 721 2124 tanta
745 2057 915 2123 occasione
944 2055 975 2124 di
999 2057 1134 2122 havera
1159 2079 1264 2122 essere
1287 2056 1390 2122 homo
1415 2055 1455 2124 da
1478 2056 1568 2138 bene,

195 2162 375 2230 facendomi
400 2187 466 2230 non
491 2163 561 2229 solo
586 2162 693 2251 deguo
718 2162 757 2230 de
788 2164 900 2229 l'amor
928 2181 1050 2244 vostre,
1074 2184 1125 2228 nra
1148 2161 1232 2228 ch'io
1256 2163 1300 2228 sia
1322 2160 1460 2229 iudicato
1486 2187 1570 2230 esser

195 2281 284 2337 tanto
301 2271 404 2336 avanti
427 2270 459 2335 in
477 2292 559 2351 ess0,
585 2269 643 2336 che
659 2292 703 2335 un
727 2272 752 2334 sl
768 2267 956 2356 dignissimo
981 2289 1012 2336 et
1034 2267 1247 2357 grandissimo
1264 2268 1399 2355 Signore
1423 2269 1468 2335 mi
1483 2270 1570 2356 vogli

196 2398 327 2463 operare
351 2377 438 2464 quasi
462 2398 518 2464 per
541 2376 756 2442 instromento
781 2399 843 2442 con
867 2373 917 2442 lei.
956 2376 1017 2441 Per
1040 2374 1060 2440 il
1083 2375 1142 2441 che
1165 2373 1193 2440 la
1216 2373 1423 2462 supplicherei
1446 2398 1463 2441 a
1482 2375 1570 2443 voler

197 2492 362 2564 mostrare,
386 2482 444 2548 che
464 2503 531 2547 non
554 2483 599 2547 sia
623 2479 759 2548 l'effecto
784 2503 918 2548 menore
938 2480 1017 2548 della
1040 2483 1217 2568 openione,
1242 2504 1275 2548 se
1299 2479 1483 2569 besognassi
1507 2505 1568 2549 con

196 2587 237 2654 lei
265 2611 336 2654 usar
365 2588 493 2654 termini
524 2588 743 2668 cerimoniosi,
772 2586 792 2653 li
822 2585 904 2675 quali
935 2609 1032 2654 meno
1056 2588 1179 2653 sariano
1209 2587 1376 2653 necessarii
1404 2588 1435 2652 in
1465 2588 1569 2678 quello

197 2717 282 2774 cas0,
310 2693 369 2761 che
392 2696 424 2760 in
448 2694 537 2761 alcun
569 2693 659 2775 altro,
689 2691 825 2760 essendo
854 2704 939 2760 tante
969 2692 1196 2780 dependentie,
1225 2693 1283 2760 che
1311 2715 1467 2781 superano
1492 2695 1569 2782 ogni

197 2801 264 2866 mio
288 2801 430 2887 rispeno,
459 2813 491 2868 et
517 2800 590 2890 quel
620 2799 650 2866 di
675 2799 796 2867 Nostro
825 2783 960 2886 Signore
984 2799 1048 2865 Dio
1077 2799 1239 2888 precipue,
1272 2799 1300 2866 el
1329 2799 1418 2888 quale
1448 2811 1569 2888 quanto

197 2905 237 2972 V.
262 2905 407 2993 Signoria
431 2928 594 2995 apprezza,
618 2917 728 2973 consta
751 2918 868 2994 troppo
892 2904 931 2972 ad
954 2928 1098 2994 ognuno.
1145 2903 1293 2993 Supplico
1317 2916 1429 2994 questo
1458 2905 1528 2972 solo
1552 2929 1569 2972 a

197 3011 238 3078 V.
257 3011 419 3098 Signoria,
449 3011 507 3078 che
532 3011 611 3078 nella
635 3011 791 3079 audientia
819 3012 878 3079 che
901 3011 974 3078 dari
997 3034 1013 3078 a
1037 3023 1150 3099 questo
1173 3009 1386 3099 gentilhom0,
1415 3035 1448 3078 se
1472 3010 1569 3099 degni

197 3115 352 3184 scordarsi
376 3115 407 3184 di
427 3118 477 3184 cio
501 3117 559 3184 che
584 3117 704 3184 havessi
729 3115 854 3184 oudito
875 3116 990 3184 oletto
1014 3119 1045 3182 in
1066 3136 1176 3205 questa
1199 3139 1301 3198 causa,
1325 3130 1356 3184 et
1375 3140 1441 3184 non
1465 3116 1494 3184 le
1517 3117 1569 3186 ad·

198 3233 331 3289 mettere
355 3224 387 3288 in
403 3221 627 3289 deliberatione
650 3223 698 3289 sin
715 3245 733 3289 a
748 3235 848 3303 tanto,
873 3223 931 3289 che
948 3245 1014 3288 non
1032 3221 1123 3288 habbi
1147 3221 1228 3289 bene
1252 3235 1283 3290 et
1301 3223 1353 3309 piri
1370 3222 1455 3291 volte
1479 3222 1568 3290 udito

198 3327 251 3410 lui,
274 3329 361 3395 accio
387 3329 445 3395 che
469 3330 500 3394 in
524 3327 595 3417 qual
617 3340 714 3416 parte,
739 3328 796 3395 che
813 3329 935 3395 Nostro
952 3327 1088 3415 Signore
1104 3329 1168 3394 Dio
1194 3329 1344 3415 inspirera
1361 3329 1401 3395 V.
1423 3329 1569 3416 Signoria

199 3434 359 3522 aporiare,
383 3436 469 3522 possi
492 3433 558 3500 farli
578 3433 658 3501 nella
674 3435 816 3522 openion
839 3457 895 3502 sua
911 3435 1035 3522 magior
1057 3432 1139 3515 fede,
1165 3433 1309 3501 havendo
1334 3435 1451 3501 sentito
1467 3434 1569 3502 multo

198 3541 321 3628 placere
345 3539 395 3606 nel
419 3542 662 3627 regionamento
687 3541 804 3607 havuto
828 3563 919 3623 sec0,
946 3539 1005 3607 che
1028 3551 1148 3607 mostra
1172 3562 1239 3606 non
1263 3538 1440 3607 desiderare
1464 3539 1494 3607 di
1519 3564 1571 3608 ex·

199 3665 348 3733 torquere
371 3645 444 3734 quel
468 3647 525 3713 che
548 3645 624 3713 sacci
656 3669 712 3734 per
736 3646 842 3735 quello
865 3670 903 3714 va
927 3645 1094 3728 cercando,
1118 3669 1170 3712 ma
1193 3645 1232 3712 ad
1255 3645 1385 3732 indagor
1412 3645 1439 3712 ia
1463 3647 1570 3713 veriti.

200 3751 281 3817 Baso
304 3751 333 3818 le
357 3753 442 3818 mani
466 3751 496 3819 di
521 3753 622 3840 quella
646 3771 676 3819 et
701 3754 745 3818 mi
769 3751 982 3820 raccomando
1007 3751 1064 3819 alle
1087 3775 1143 3819 sue
1167 3752 1314 3818 orationi.

305 3857 354 3923 Da
372 3858 510 3939 Verona,
535 3857 624 3924 XIX.
649 3858 752 3946 aprilis
781 3879 872 3944 1530.
1253 3961 1254 3964 Ἴ

626 3982 767 4049 Servitor
792 3994 823 4049 et
846 3979 968 4069 figliolo
992 3981 1022 4049 di
1048 3983 1087 4049 V.
1113 3981 1144 4048 S.

1001 4106 1128 4174 Giovan
1151 4105 1296 4174 Mattheo
1321 4105 1465 4173 Giberto.

246 4317 331 4384 Karl
356 4319 396 4385 V.
421 4342 461 4385 an
484 4318 617 4386 Bischof
636 4316 784 4385 Caraffa
808 4341 872 4386 von
895 4318 1010 4385 Chieti.
1056 4316 1241 4399 lunsbruclr,
1267 4337 1317 4384 22.
1342 4318 1407 4384 Mai
1435 4337 1527 4404 1530.

307 4477 382 4544 Don
408 4477 519 4545 Carlos
542 4501 601 4566 por
625 4479 652 4545 la
676 4477 780 4546 divina
804 4478 976 4546 clemencia
1000 4477 1176 4565 euperador
1198 4497 1334 4564 augusto
1357 4501 1413 4566 rey
1437 4477 1476 4545 de
1500 4476 1573 4544 Ale·

203 4584 305 4648 mania
328 4609 350 4672 y
374 4583 413 4651 de
437 4584 555 4672 Esparia
580 4598 638 4653 etc.

308 4706 389 4774 ndo.
419 4708 449 4773 in
476 4708 604 4776 Christo
633 4707 729 4796 padre
757 4707 869 4796 obispo
898 4707 938 4775 de
966 4708 1101 4789 Quieta!
1152 4707 1297 4794 Rodrigo
1327 4707 1414 4774 Nino
1443 4727 1573 4773 nuestro

203 4811 381 4879 enbaxador
405 4836 464 4879 nos
488 4814 527 4880 ha
551 4815 666 4882 escrito
690 4814 717 4881 la
739 4813 907 4896 voluntad,
931 4838 992 4903 que
1017 4837 1056 4881 en
1079 4837 1138 4880 vos
1167 4815 1205 4881 ha
1229 4813 1350 4880 hallado
1375 4836 1433 4900 por
1456 4812 1488 4879 lo
1513 4835 1574 4900 que

203 4941 240 4984 os
271 4918 309 4984 lia
343 4917 474 4986 lrablado
507 4943 595 4987 cerca
628 4919 667 4988 de
698 4921 724 4987 la
758 4943 848 4987 causa
881 4920 1094 4987 matrimonial
1127 4921 1165 4988 de
1196 4921 1223 4986 la
1255 4921 1375 4986 Serrna.
1407 4942 1503 5008 reyna
1534 4919 1573 4985 de
