3824 5528
186 358 255 417 2529
274 344 439 418 September.
1494 339 1554 406 129

181 528 257 572 cum
276 509 411 574 cuiusvis
434 511 560 596 generis
575 521 644 576 tuas
664 509 780 577 litteras
797 509 929 578 habituri
954 509 1120 579 fuissemus
1145 535 1202 600 pro
1220 525 1332 581 nostro
1349 514 1380 580 in
1397 525 1429 581 te
1445 537 1554 582 amore

181 614 388 699 gratissimas,
412 613 577 712 habuimus
594 617 688 683 etiam
706 615 864 705 aliquanto
882 620 1045 704 gratiores,
1066 619 1152 707 quod
1169 620 1335 687 bominem
1352 619 1443 687 nobis
1460 621 1555 708 longa

183 722 377 807 experientia
406 744 509 787 rerum
537 723 722 809 probatum,
747 722 912 791 virtutibus
942 737 973 791 et
1001 724 1143 792 doctrina
1172 727 1346 813 insignem,
1375 726 1500 816 fideque
1525 743 1555 796 et

181 828 304 894 meritis
333 829 396 894 suis
420 851 495 895 sane
519 831 643 916 magnis
672 828 764 896 nobis
789 852 896 897 carum
919 843 975 897 tuo
1000 830 1107 898 lavore
1131 831 1273 898 sublevas
1303 835 1388 899 et-in
1416 834 1554 902 amando

181 954 312 1000 nostros
335 945 426 1000 tuum
450 958 578 1024 quoque
602 958 676 1023 erga
699 959 759 1002 uos
783 958 926 1004 amorem
956 936 1081 1004 uberius
1106 936 1251 1005 declaras.
1299 939 1383 1025 Ergo
1407 943 1439 1006 in
1468 940 1554 1007 illum

181 1062 299 1127 magna
321 1042 460 1107 accessio
477 1039 555 1108 facta
572 1054 619 1108 est
643 1054 673 1108 et
689 1040 930 1109 benevolentiae
950 1054 981 1110 et
996 1041 1101 1110 iudicii
1124 1046 1225 1110 nostri
1241 1044 1298 1110 hac
1320 1057 1372 1112 tua
1390 1060 1567 1113 commen-¹

181 1144 321 1212 datione.
368 1147 494 1234 Dignus
525 1160 571 1214 est
604 1149 689 1214 enim
721 1151 810 1214 omni
844 1147 1043 1216 exuberantia
1075 1149 1175 1216 nostri
1206 1149 1350 1232 affectus,
1382 1153 1434 1240 qui
1464 1164 1553 1219 tuum

180 1277 328 1321 arnorem
357 1256 398 1321 ita
426 1255 610 1342 promeruit.
661 1255 774 1343 Neque
805 1255 891 1322 enim
924 1256 983 1322 nisi
1014 1254 1128 1342 dignos
1158 1256 1197 1323 ad
1227 1268 1298 1324 tuae
1327 1255 1553 1344 benignitatem

180 1362 299 1446 gratiae
315 1361 455 1448 recipere
473 1362 675 1428 consuevisti.
714 1361 821 1450 ltaque
846 1383 906 1427 nos
923 1360 1006 1428 idem
1025 1385 1097 1428 curn
1114 1361 1288 1430 Serenitate
1304 1363 1375 1429 Tua
1392 1376 1554 1452 optamus;

180 1468 292 1553 vigent
320 1469 406 1533 enim
435 1491 470 1534 ac
492 1466 645 1554 vigebunt
673 1469 705 1533 in
729 1479 837 1534 nostra
864 1469 1021 1534 memoria
1053 1466 1176 1534 assidue
1200 1487 1278 1557 quot
1308 1480 1338 1536 et
1362 1489 1476 1558 quanta
1505 1471 1555 1538 ille

180 1595 241 1659 pro
266 1571 550 1660 SedeApostolica
573 1575 797 1662 signanterque
821 1596 879 1660 pro
903 1572 953 1640 fel.
978 1596 1040 1640 rec.
1061 1573 1170 1640 Leone
1188 1575 1228 1640 X.
1254 1574 1358 1661 praed.
1383 1589 1495 1643 nostro
1520 1601 1554 1644 ac

180 1676 275 1744 nobis
299 1681 415 1766 egerit,
444 1691 558 1768 quanta
582 1681 692 1746 itinera
722 1703 880 1760 emensuS,
909 1702 990 1768 quos
1014 1678 1136 1746 labores
1166 1701 1197 1746 et
1220 1680 1356 1767 pericula
1383 1681 1553 1769 pertulerit.

179 1783 346 1873 inquibus
370 1785 444 1853 illud
469 1810 536 1852 non
552 1785 697 1854 ultimum
722 1787 868 1873 ingratia
893 1798 1000 1853 nostra
1017 1789 1227 1873 reposuimus,
1251 1786 1338 1875 quod
1358 1787 1551 1875 legationem

179 1890 263 1979 apud
291 1904 323 1959 te
347 1903 490 1959 nostram
517 1905 667 1982 tuamque
697 1892 778 1980 apud
807 1891 884 1958 alios
912 1901 997 1959 tanta
1021 1915 1093 1959 cum
1122 1904 1174 1958 tua
1198 1891 1410 1960 satisfactione
1439 1896 1553 1979 exegit,

180 2011 215 2068 ut
239 2001 268 2066 ei
292 2000 354 2067 hoc
381 2001 663 2067 honestamentum
686 2011 738 2066 tua
763 2000 990 2066 intercessione
1017 1999 1225 2086 concupieris.
1272 1998 1349 2077 Quo
1373 2001 1481 2099 magis·
1498 1999 1554 2066 do-

178 2105 294 2188 lemus,
323 2127 506 2194 temporum
535 2118 565 2174 et
588 2129 695 2173 rerum
724 2106 878 2173 rationem
909 2127 975 2170 non
1001 2104 1077 2170 nihil
1105 2103 1261 2172 adversari
1292 2117 1404 2172 nostro
1436 2125 1466 2173 et
1497 2125 1553 2173 tuo

178 2213 253 2279 huic
270 2211 439 2294 desiderin,
463 2236 542 2302 quae
562 2215 587 2278 si
611 2211 827 2278 immutabitur
850 2223 885 2278 ut
908 2233 1081 2298 speramus,
1103 2209 1310 2297 gaudebimus
1335 2234 1402 2278 non
1430 2211 1553 2279 rnedio-

178 2320 273 2386 criter
297 2319 354 2386 hac
379 2320 471 2386 etiam
498 2317 537 2386 de
561 2342 662 2400 causa,
688 2329 720 2385 ut
743 2316 799 2384 tibi
822 2316 977 2406 nobisque
1000 2318 1115 2404 pariter
1138 2315 1259 2404 placere
1284 2315 1451 2384 valeamus.
1489 2318 1553 2386 Cu-

177 2427 285 2512 pimus
310 2438 394 2492 certe
410 2423 516 2491 offerri
540 2425 631 2492 nobis
657 2425 872 2506 occasionem,
896 2421 983 2512 quod
1000 2423 1089 2490 citius
1113 2422 1193 2489 illius
1214 2423 1401 2490 meritorum
1428 2435 1459 2490 et
1481 2435 1552 2490 tuae

178 2533 272 2598 huius
290 2530 591 2612 commendationis,
615 2553 708 2619 quam
726 2531 855 2596 maximi
881 2528 1012 2596 facimus
1028 2539 1062 2595 ut
1078 2527 1240 2610 debemus,
1265 2529 1421 2596 rationem
1439 2529 1552 2597 habere

176 2640 349 2725 possimus.

286 2781 403 2847 Datum
429 2781 562 2862 Rornae,
586 2804 616 2866 4.
641 2777 834 2865 Septembris
862 2797 953 2862 1529.
1000 2779 1097 2843 Auno
1121 2787 1221 2843 sexto.

1310 2935 1443 3003 Blosius.

391 3207 467 3259 brev.
488 3206 550 3259 min.
571 3204 611 3258 Cl.
624 3205 683 3258 Vll.
704 3203 756 3258 vol.
771 3219 812 3270 24,
831 3221 856 3256 u.
872 3218 930 3256 222.
969 3203 1019 3256 Die
1039 3202 1223 3256 Prisentation
1237 3201 1381 3254 Ghinuecis
1400 3219 1445 3255 zur
1457 3201 1549 3255 Kardi-

285 3293 436 3348 nalswiirde
461 3294 543 3348 durch
566 3293 692 3346 Heinrich
707 3293 777 3346 Vlll.
804 3292 922 3363 geschah
949 3309 1007 3344 zum
1033 3275 1314 3344 erstenmale'bereits
1340 3291 1376 3342 im
1401 3289 1551 3343 Deaember

289 3384 362 3451 1528,
387 3401 407 3438 s,
427 3383 497 3436 oben
517 3383 563 3436 Nr.
585 3398 624 3451 35.
661 3379 848 3434 Vorstehende
867 3380 992 3433 Antwon
1016 3379 1119 3432 scheint
1141 3377 1223 3432 daher
1245 3387 1329 3432 etwas
1349 3383 1494 3448 verspaitet,
1519 3379 1551 3431 da

285 3471 331 3524 das
357 3472 441 3526 Breve
466 3472 513 3524 des
538 3472 648 3541 Papstes
675 3487 737 3523 vom
764 3484 805 3538 27.
831 3468 889 3522 ΧΠ.
914 3469 947 3537 (s.
973 3469 1042 3521 oben
1068 3467 1114 3521 Nr.
1137 3467 1182 3536 37)
1206 3466 1278 3520 nieht
1303 3466 1341 3519 als
1367 3466 1491 3520 Antwort
1517 3484 1549 3519 an

285 3559 410 3614 Heinrich
423 3561 495 3614 Vlll.
515 3559 605 3630 gelten
624 3559 701 3613 kann.
734 3559 791 3611 Vor
810 3558 861 3611 den
881 3557 990 3627 librigen
1004 3555 1256 3626 Angelegenheiten
1276 3563 1325 3608 trat
1345 3553 1412 3607 eben
1431 3553 1504 3607 diese
1524 3555 1549 3608 in

285 3648 336 3703 den
355 3650 547 3720 Hintergrund,
566 3647 700 3702 vielleicht
719 3647 787 3700 auch
810 3645 927 3712 deshalb,
947 3644 1008 3698 weil
1028 3644 1084 3697 sich
1108 3645 1150 3696 die
1169 3660 1232 3696 vom
1251 3643 1348 3713 Papste
1374 3643 1550 3712 gewunschte

284 3739 423 3793 Rbcklrehr
436 3738 588 3805 Ghinuecis,
607 3739 690 3792 bezw.
711 3738 768 3790 sein
787 3734 921 3788 Abschied
940 3751 986 3786 aus
1005 3733 1121 3803 Spanien
1140 3732 1201 3786 sehr
1220 3737 1384 3802 verzbgerte,
1404 3732 1442 3784 sei
1462 3747 1490 3784 es
1510 3733 1549 3784 in-

285 3827 358 3898 folge
382 3828 429 3882 der
447 3827 700 3897 Verwiclrelungen,
720 3824 825 3879 welche
849 3824 890 3876 die
914 3819 1230 3891 franzosisch-euglische
1255 3818 1494 3890 Kriegserlila'rung
1517 3837 1548 3872 an

284 3915 345 3970 Karl
360 3917 392 3971 V.
412 3917 460 3970 mit
480 3916 536 3969 sich
555 3915 682 3986 gebracht
695 3915 776 3980 hatte,
796 3915 834 3966 sei
854 3929 882 3965 es
901 3927 999 3981 wegen
1020 3909 1065 3963 der
1077 3909 1279 3978 Erwartungen,
1300 3908 1342 3961 die
1356 3925 1417 3961 nran
1437 3908 1463 3961 in
1476 3907 1549 3978 Eng-

283 4003 344 4057 land
363 4005 434 4058 noch
453 4021 486 4057 an
504 4004 648 4058 Ghinuecis
662 4001 817 4056 hulenthalt
837 4002 863 4055 in
882 4001 997 4071 Spanien
1017 3997 1134 4069 knirpsre.
1171 3998 1231 4075 Etsi
1250 3997 1358 4069 Anfaug
1377 3999 1436 4069 Juni
1456 3997 1550 4051 erhielt

285 4110 312 4146 er
327 4094 383 4146 sein
396 4091 733 4162 hbberulungsschreiben,
753 4108 796 4144 am
814 4105 853 4143 12.
867 4089 926 4158 Juni
941 4087 1056 4141 schreibt
1072 4103 1099 4140 er
1113 4087 1184 4140 noch
1198 4103 1245 4140 aus
1258 4085 1407 4140 Valladolid
1416 4086 1549 4155 (Brewer,

284 4181 328 4236 IV.
349 4200 373 4236 n.
391 4181 477 4250 5670),
497 4183 570 4235 seine
583 4181 701 4234 Anlvunit
720 4181 746 4232 in
760 4177 880 4249 England
900 4177 1002 4248 ergiebt
1021 4176 1078 4230 sich
1097 4193 1143 4228 aus
1163 4175 1251 4228 einem
1266 4174 1549 4246 SchreibenWolseys

283 4287 347 4324 vom
367 4286 408 4340 27.
427 4270 478 4341 Juli
497 4271 561 4339 (Br,
581 4269 626 4324 lV.
648 4287 672 4322 n.
696 4269 775 4340 5797)
782 4287 788 4334 ;
816 4266 937 4338 zugleich
956 4265 1013 4318 reilt
1032 4263 1145 4325 Wolsev
1169 4265 1194 4316 iu
1214 4264 1316 4317 diesem
1335 4263 1479 4317 Schreiben
1499 4261 1548 4316 den

283 4359 437 4414 Gesandten
450 4379 481 4414 zu
492 4361 563 4413 Rom
576 4359 630 4424 mit,
645 4357 700 4411 dass
714 4357 781 4411 eben
791 4355 921 4409 Ghinucci
934 4353 972 4406 als
985 4352 1066 4406 deren
1078 4350 1242 4422 Naehlolger
1255 4351 1324 4404 nach
1337 4351 1407 4404 Rom
1422 4351 1549 4404 hommeu

283 4449 384 4515 werde,
410 4448 462 4502 und
486 4448 568 4502 durch
592 4448 664 4500 diese
684 4445 881 4515 Mitteilungen,
906 4441 988 4495 durch
1009 4440 1114 4494 welche
1140 4439 1181 4492 die
1202 4439 1346 4492 Nachricht
1365 4438 1549 4510 Campeggios

283 4555 345 4592 vona
369 4553 407 4591 12.
432 4537 485 4590 Mai
509 4538 592 4605 (oben
612 4536 637 4590 S.
657 4536 704 4604 80)
729 4535 854 4604 bestatigt
877 4532 981 4597 wurde,
1005 4547 1068 4601 mag
1088 4528 1161 4582 wohl
1185 4528 1231 4582 das
1254 4521 1432 4582 vorstehende
1456 4527 1549 4594 Breve,

283 4628 378 4679 soweit
398 4626 444 4680 das
458 4625 557 4680 Datum
576 4627 601 4678 in
616 4625 739 4678 Betracht
759 4623 870 4688 hommt,
890 4619 1031 4674 veranlalst
1045 4619 1110 4672 sein.
1147 4615 1288 4669 Inhaltlich
1307 4615 1409 4668 scheint
1428 4615 1549 4668 dasselbe

283 4714 439 4768 wesentlich
459 4713 540 4768 durch
560 4713 601 4767 die
620 4713 802 4766 iubertriebene
822 4708 993 4779 Gelilligkeir
1012 4705 1065 4759 und
1084 4704 1283 4759 Liebedienerei
1296 4702 1440 4757 Ghinuecis
1459 4719 1549 4774 gegen

283 4803 408 4856 Heinrich
422 4803 502 4866 V111..
527 4801 688 4856 namentlich
708 4799 790 4853 durch
813 4800 886 4852 seine
906 4796 997 4864 wenig
1016 4795 1172 4848 besonnene
1191 4792 1308 4862 Haltung
1334 4792 1360 4844 in
1378 4791 1482 4844 Sachen
1502 4791 1549 4845 des

282 4893 495 4963 Dispensbreves
515 4909 569 4946 von
582 4890 664 4962 Julius
677 4889 709 4943 Il.
730 4887 877 4956 begn'mdet
898 4903 928 4938 zu
947 4885 1012 4936 sein.
1050 4883 1165 4946 Brewer,
1186 4881 1230 4934 lV.
1251 4899 1275 4934 n.
1293 4895 1367 4948 5471,
1384 4878 1458 4946 5621,
1475 4878 1548 4948 5865.

283 4983 309 5035 S.
329 4982 398 5034 oben
419 4981 444 5034 S.
465 4997 506 5049 79.
526 4979 670 5048 Anmerlrg.

232 5107 336 5157 illisas,
352 5105 477 5148 Rdmlsehe
494 5105 650 5147 bonomonte.
1406 5100 1417 5137 a
