3850 5534
224 311 293 378 1528
311 283 399 382 Aprili
1553 292 1594 354 23

328 471 423 538 Pater
437 481 554 537 sancte.
595 469 714 553 Credo,
738 469 824 560 quod
847 491 955 536 coram
973 467 1142 534 Sanctitate
1154 466 1268 533 Vestra
1292 466 1411 546 omnia,
1434 487 1515 553 quae
1537 487 1594 552 po-

222 587 327 644 terant
341 574 534 644 considerari
558 578 640 643 circa
655 577 900 644 concessionem
917 585 947 642 et
963 573 1210 661 denegationem
1227 571 1475 652 commissionis,
1498 594 1593 659 quam

221 693 367 750 oratores
397 683 479 771 regis
506 683 639 771 Angliae
668 683 751 770 regis
779 681 911 748 nomine
939 691 1051 768 petunt
1078 702 1095 744 a
1118 677 1288 746 Sanctitate
1307 679 1433 758 Vestra,
1462 675 1595 752 adducta

220 788 359 856 fuerunt.
407 788 500 870 Quae
529 800 698 877 propterea
729 789 761 854 in
793 787 915 874 scriptis
944 785 1074 852 inferius
1104 796 1257 852 annotare
1284 783 1386 865 volui,
1418 794 1451 850 ut
1483 782 1593 850 eadem

220 895 378 962 Sanctitas
394 893 508 962 Vestra
531 893 655 961 illomm
680 914 808 960 memor
832 915 901 960 esse
924 891 1034 980 possit.

329 1017 445 1086 Petunt
461 1018 558 1100 enim,
581 1019 614 1084 in
637 1019 703 1105 ipsa
722 1016 951 1084 commissione
975 1036 1031 1103 per
1046 1013 1250 1082 sanctitatem
1263 1012 1412 1080 Vestram
1435 1011 1594 1094 declarari,

220 1145 332 1191 causas
354 1124 387 1190 in
409 1123 639 1191 commissione
663 1145 833 1210 expressas,
858 1123 883 1188 si
899 1131 973 1188 sunt
988 1143 1090 1202 verae,
1115 1117 1308 1187 sufficientes
1331 1117 1370 1186 ad
1396 1115 1595 1186 reddendum

220 1229 340 1298 litteras
365 1229 609 1318 dispensationis
626 1226 865 1297 matrimonialis
889 1227 1081 1315 surreptitias
1098 1237 1129 1294 et
1146 1224 1244 1294 nullas
1269 1236 1301 1293 et
1323 1248 1379 1313 per
1394 1247 1595 1314 consequens

221 1336 475 1418 matrimonium,
499 1335 619 1404 illarum
637 1337 748 1423 vigore
765 1345 963 1403 contractum
987 1332 1109 1401 nullum
1133 1343 1163 1399 et
1179 1330 1368 1414 invalidum3
1393 1354 1451 1399 nec
1471 1342 1594 1419 poterat

221 1445 269 1510 eis
290 1441 483 1531 persuaderi,
506 1440 594 1532 quod
612 1443 686 1510 satis
702 1452 796 1523 esset,
820 1439 907 1530 quod
923 1440 1076 1508 Sanctitas
1092 1440 1210 1505 Vestra·
1230 1437 1447 1505 committeret
1470 1459 1596 1504 causam

220 1546 376 1615 iudicibus
400 1546 597 1636 inpartibus,
620 1567 655 1615 ut
673 1548 732 1635 ipsi
755 1569 823 1615 non
839 1544 943 1613 solum
968 1545 1195 1626 examinarent,
1218 1544 1249 1610 si·
1264 1566 1374 1610 causae
1398 1541 1467 1610 illae
1491 1563 1596 1610 essent

219 1677 326 1736 verae,
350 1652 517 1721 sedetiam
541 1651 733 1721 sufficientes
757 1651 796 1720 ad
818 1650 1016 1720 reddendum
1041 1650 1157 1718 litteras
1175 1649 1418 1738 dispensationis
1442 1646 1542 1715 nullas
1566 1660 1597 1717 et

220 1760 427 1849 surreptitiae.
475 1825 482 1844 ,

328 1882 543 1972 Replicabant,
566 1882 653 1973 quod
674 1905 729 1951 rex
752 1895 876 1973 poterat
892 1906 910 1948 a
926 1880 1028 1949 iudice
1051 1903 1111 1948 suo
1128 1877 1289 1948 ordinario
1313 1879 1346 1944 in
1363 1901 1465 1966 regno
1489 1877 1520 1945 id
1540 1877 1596 1945 ob-

219 1992 334 2058 tinere.
373 1987 618 2078 Respondebam
643 1991 698 2072 eis,
724 1990 785 2057 hoc
810 2006 894 2056 certe
918 1987 1031 2056 melius
1053 1985 1140 2068 fore3
1168 1983 1369 2073 replicabant,
1393 1984 1455 2052 hoc
1478 1985 1596 2073 aPapa

220 2095 368 2164 obtinere
390 2094 471 2164 velle
494 2114 624 2184 propter
648 2096 802 2164 maiorem
827 2094 1057 2163 auctoritatem.
1103 2091 1189 2159 Nam
1212 2091 1237 2157 si
1260 2092 1323 2158 hoc
1351 2088 1441 2158 fieret
1463 2113 1481 2156 a
1504 2091 1596 2179 Papa,

220 2224 339 2269 omnes
367 2201 476 2290 populi
504 2201 593 2289 regni
617 2200 751 2290 Angliae
779 2200 811 2268 id
834 2200 902 2268 sine
932 2195 1113 2266 difficultate
1142 2194 1303 2264 laudarent
1332 2207 1364 2264 et
1386 2195 1597 2284 approbarent

220 2320 254 2376 et
277 2305 362 2375 lacto
382 2309 627 2396 acquiescerent,
651 2306 738 2397 quod
762 2329 829 2375 non
855 2325 948 2388 esset,
971 2305 997 2372 si
1020 2303 1112 2373 fieret
1134 2302 1171 2372 ab
1188 2303 1348 2371 ordinario
1372 2302 1423 2371 vel
1445 2301 1510 2370 aliis
1535 2303 1597 2390 epi-

219 2414 328 2502 scopis
352 2415 453 2502 regni.

328 2536 413 2606 Dedi
440 2538 604 2605 Sanctitati
626 2539 759 2605 Vestrae
790 2539 944 2605 minutam
977 2535 1226 2617 commissionis,
1256 2557 1336 2624 quae
1365 2555 1421 2623 per
1453 2531 1596 2602 officium

221 2641 511 2712 contradictarum¹
534 2641 592 2709 sub
608 2641 740 2730 plumbo
757 2641 896 2730 expediri
919 2653 1036 2730 potest,
1061 2653 1091 2708 et
1114 2662 1280 2730 perquam
1306 2640 1515 2707 committitur
1532 2642 1596 2728 epi-

218 2772 324 2838 scopo
348 2772 404 2815 seu
428 2749 600 2836 episcopis,
623 2747 709 2837 quod
732 2749 928 2837 inquirerent
950 2748 1132 2829 veritatem,
1159 2747 1186 2813 si
1209 2746 1328 2814 litterae
1352 2743 1595 2833 dispensationis

219 2839 465 2922 matrimonialis
493 2873 565 2921 sunt
594 2877 632 2921 ex
656 2854 755 2920 causis
784 2855 885 2921 ineis
910 2853 1064 2942 expressis
1091 2852 1288 2940 surreptitiae
1317 2863 1349 2920 et
1371 2850 1539 2935 invalidae,
1564 2864 1596 2920 et

219 2978 389 3050 comperta
413 2961 544 3028 veritate
570 2983 628 3047 pet
657 2982 730 3027 eum
759 2958 877 3028 seretur
903 2961 1069 3027 sententia.
1115 2958 1193 3026 Non
1223 2957 1337 3046 placuit
1367 2958 1412 3024 eis
1441 2955 1593 3041 dicentes,

218 3089 279 3156 per
297 3067 503 3134 Sanctitatem
515 3067 663 3133 Vestram
687 3065 815 3133 rescribi
838 3064 963 3148 debere,
987 3077 1082 3154 prout
1103 3066 1136 3132 in
1161 3062 1366 3133 decretalibus
1390 3065 1524 3154 antiquis
1547 3065 1595 3133 in·

218 3173 348 3240 venitur
369 3173 533 3261 scriptum,
557 3171 643 3261 quod
662 3170 834 3239 Pontifices
858 3174 988 3240 narratis
1011 3169 1248 3260 impedimentis
1264 3169 1508 3238 committebant
1530 3173 1594 3260 epi-

218 3301 334 3368 scopo,
357 3297 392 3345 ut
415 3278 441 3344 si
464 3277 506 3345 ita
522 3301 590 3345 esse
614 3279 774 3367 reperiret,
797 3279 839 3346 ita
861 3279 1001 3368 praecise
1018 3276 1198 3358 declararet,
1223 3289 1254 3345 et
1276 3277 1310 3343 in
1326 3278 1389 3344 hoc
1412 3278 1612 3365 persistunt,

219 3385 375 3466 dicentes,
399 3381 486 3474 quod
509 3384 535 3450 si
559 3385 601 3451 ita
623 3382 691 3466 fiat,
716 3382 786 3467 fiet,
813 3382 901 3474 quod
924 3384 1001 3452 olim
1024 3382 1094 3451 fieri
1116 3394 1335 3451 consueverat.
1380 3382 1592 3472 Replicabam‚

218 3488 309 3582 quod
336 3489 390 3557 illo
413 3501 559 3577 tempore
589 3501 655 3558 erat
675 3512 823 3573 necesse,
853 3491 896 3558 ita
918 3489 1001 3572 fieri,
1025 3491 1097 3579 quia
1124 3488 1239 3556 inillis
1264 3488 1384 3557 casibus
1412 3509 1480 3556 non
1505 3501 1593 3558 erant

217 3594 324 3664 adhuc
348 3595 422 3664 editi
439 3617 589 3679 canones,
613 3597 667 3686 qui
682 3619 771 3664 casus
795 3596 864 3664 illos
881 3594 1074 3664 deciderent.
1113 3596 1220 3664 Hodie
1244 3597 1330 3664 enim
1355 3619 1494 3664 canones
1517 3594 1592 3663 editi

218 3703 420 3791 reperiuntur
443 3725 461 3768 a
484 3702 637 3771 Romanis
659 3701 876 3786 Pontificibus,
899 3725 955 3791 per
978 3726 1059 3792 quos
1082 3704 1280 3792 reperiuntur
1307 3699 1460 3770 declarata
1483 3702 1593 3769 omnia

215 3807 464 3899 impedimenta,
497 3831 576 3898 quae
608 3807 786 3897 impediunt
817 3810 1058 3877 matrimonium
1090 3807 1344 3877 contrahendum
1378 3820 1409 3876 et
1441 3806 1592 3876 dirimunt

217 3925 431 3984 contractum.
471 3914 509 3982 Et
525 3912 598 3981 licet
613 3915 645 3980 in
662 3915 891 3983 commissione
907 3916 1070 4004 proposita
1086 3913 1352 4004 impedimentum
1368 3915 1461 4002 primi
1477 3913 1592 4002 gradus

215 4019 379 4089 affinitatis
407 4019 468 4087 tale
491 4021 545 4102 sit,
574 4019 661 4111 quod
689 4018 842 4109 impediat
863 4021 1104 4089 matrimonium
1134 4018 1386 4088 contrahendum
1413 4039 1443 4088 et
1467 4021 1592 4088 dirimat

216 4137 431 4208 contractum,
455 4137 487 4194 et
508 4125 571 4194 hoc
595 4149 651 4214 per
675 4148 814 4195 canones
838 4126 919 4194 clare
942 4128 1096 4216 reperitur
1119 4124 1376 4210 determinatum,
1399 4138 1508 4195 tamen
1531 4125 1592 4194 dis·

215 4233 410 4324 pensatione
433 4233 534 4321 Papae
557 4244 665 4320 potest
685 4231 753 4301 tolli
777 4230 860 4301 istud
883 4230 1159 4322 impedimentum.

327 4451 337 4484 ¹
360 4443 416 4498 Das
439 4441 566 4499 Officium
590 4443 655 4498 oder
679 4443 721 4499 die
746 4445 878 4499 audientia
903 4445 1133 4513 contradictarum,
1156 4462 1210 4499 von
1235 4445 1359 4500 welchen
1382 4445 1411 4498 in
1433 4442 1495 4497 dem
1519 4441 1591 4514 engl

212 4519 348 4573 Prozesse
367 4514 438 4569 oster
454 4515 528 4569 Rede
546 4516 588 4582 ist,
606 4533 663 4569 war
682 4517 741 4570 eine
760 4517 856 4587 eigene
872 4515 1019 4587 Abteilung
1037 4516 1084 4570 der
1103 4515 1274 4571 Cancellaria.
1310 4515 1371 4570 Ihre
1390 4513 1514 4585 Aufgabe
1532 4531 1589 4567 war

214 4590 278 4643 eine
298 4587 333 4641 do
354 4585 440 4657 pelte:
458 4602 540 4640 wenn
558 4602 648 4658 gegen
668 4586 727 4640 eine
765 4586 893 4658 apstliche
912 4586 987 4641 Bulle
1005 4587 1072 4641 oder
1086 4586 1244 4658 Veritagung
1265 4585 1453 4657 Widerspruch
1472 4583 1591 4638 erhoben

213 4658 319 4724 wurde,
329 4605 413 4739 'batte
425 4655 472 4710 das
487 4655 533 4712 off.
547 4657 665 4711 contrad.
684 4657 727 4710 die
739 4604 825 4711 S'ache
844 4675 875 4711 zu
888 4655 982 4730 prufen
1001 4657 1055 4710 und
1067 4657 1238 4729 notigenfalls
1251 4657 1378 4711 Irrttrmer
1390 4655 1455 4709 oder
1467 4654 1590 4708 Schreib-

213 4728 305 4784 sehler
328 4745 356 4781 tn
373 4727 436 4780 dem
453 4726 571 4781 Deltrete
593 4744 626 4780 zu
644 4728 809 4794 verbessern‚
835 4728 918 4782 beaw.
938 4728 990 4782 den
1008 4729 1109 4799 Kliger
1127 4729 1304 4782 abzuweisen.
1341 4727 1440 4780 Perper
1458 4726 1591 4797 gehdrten

213 4800 260 4854 die
278 4797 567 4853 Kontumacialsachen
586 4798 640 4852 und
657 4798 705 4852 der
723 4797 806 4852 Erlass
825 4798 872 4852 der
884 4798 1124 4854 Citationsdelrrete
1144 4816 1192 4853 vor
1210 4798 1297 4852 dieses
1311 4797 1445 4853 Officium.
1478 4796 1504 4850 S.
1518 4794 1589 4851 Gae-

212 4881 282 4926 tano
300 4869 409 4924 Moroni
426 4867 580 4922 Ditionario
597 4886 619 4924 s.
638 4888 663 4923 v.
682 4869 794 4925 Uditore
813 4869 882 4924 delle
902 4869 1102 4926 Contraddette.
1136 4870 1188 4924 Die
1207 4868 1353 4941 Erklirung
1372 4868 1414 4923 bei
1433 4867 1477 4922 Du
1495 4866 1590 4938 Cange

213 4959 237 4996 s.
257 4961 283 4996 v.
303 4938 432 4995 Contrad.
450 4939 583 4994 audientia
601 4939 635 4994 ist
652 4939 726 4994 nicht
745 4939 899 4995 zutreffend.
