3810 5528
181 329 245 382 :lcta
266 323 469 382 consistorialia.
1489 315 1547 378 211

284 487 406 555 Romae
430 486 480 554 die
504 485 589 554 XIII.
614 487 716 555 martii
746 507 827 573 1532
857 486 914 555 suit
938 486 1067 554 consist.
1114 487 1315 575 Disputatum
1343 485 1400 555 fuit
1429 487 1551 576 publice

180 595 259 660 inter
283 592 454 664 advocatos
478 615 571 681 super
596 593 854 660 conclusionibus
884 591 1044 681 publicatis
1074 595 1105 659 in
1131 616 1220 660 causa
1245 592 1418 679 Anglicana
1448 595 1553 661 matri·

181 699 279 765 monii
304 699 372 765 sine
397 700 479 786 regis
504 701 698 766 excusatoria
723 699 928 767 admissione.

285 806 407 872 Romae
432 804 482 871 die
499 804 572 872 XV.
597 807 701 872 martii
722 825 815 893 1532.
861 805 1064 894 Disputatum
1089 827 1183 892 super
1200 804 1456 873 conclusionibus
1480 805 1553 872 alias

181 908 340 998 publicatis
365 913 395 976 in
421 933 511 978 causa
529 911 704 998 Anglicana
727 913 922 979 matrimonii
947 912 1015 978 sine
1033 911 1224 978 excusaturis
1249 911 1331 996 regis
1348 910 1551 978 admissione.

286 1017 408 1084 Romae
432 1013 483 1084 die
511 1018 658 1084 mercurii
687 1017 739 1084 III.
764 1016 867 1105 aprilis
895 1037 987 1104 1532.
1034 1017 1104 1084 Fuit
1135 1017 1375 1097 consistorium,
1405 1036 1438 1083 ut
1468 1017 1553 1084 audi-

181 1136 287 1190 rentur
318 1123 350 1188 in
384 1145 475 1189 causa
506 1122 681 1210 Anglicana
713 1136 888 1206 excusator,
922 1121 1107 1205 advocatus,
1140 1141 1361 1212 procuratores
1394 1123 1553 1212 utriusque

181 1229 284 1316 partis,
305 1227 417 1317 quibus
433 1226 533 1296 fuerat
550 1231 730 1296 intimatum
751 1253 808 1317 pro
825 1229 904 1296 hora
920 1229 1021 1310 ΧΧΙ.,
1047 1249 1076 1296 01
1095 1229 1249 1317 expectati
1266 1227 1304 1295 ad
1320 1227 1431 1295 horam
1449 1228 1552 1297 XXII.

181 1358 244 1400 non
270 1345 528 1422 comparuerunt.

286 1441 411 1508 Romae
434 1439 484 1506 die
509 1442 657 1508 mercurii
680 1441 721 1509 X.
739 1441 842 1529 aprilis
864 1461 946 1526 1532
971 1440 1028 1509 fuit
1052 1443 1180 1508 consist.
1222 1441 1479 1529 Comparuerunt
1504 1464 1554 1507 ex·

181 1558 305 1614 cusator
328 1547 412 1633 regis
427 1545 562 1632 Angliae
586 1569 658 1613 cum
683 1571 742 1614 suo
758 1546 930 1630 advocat0;
959 1546 1102 1614 advocati
1128 1560 1158 1615 et
1181 1559 1401 1634 procuratores
1426 1547 1554 1632 reginae

182 1675 246 1719 non
271 1663 531 1739 comparuerunt.
578 1651 752 1720 Excusator
781 1653 858 1720 dixit
886 1653 1047 1720 Sanctitati
1072 1652 1168 1732 Suae,
1197 1653 1283 1742 quod
1313 1652 1384 1719 licet
1412 1650 1555 1719 advocati

182 1759 274 1846 partis
298 1755 447 1826 adversae
471 1780 537 1824 non
557 1760 803 1846 comparuerint,
828 1783 894 1826 non
918 1771 1025 1826 tamen
1051 1761 1117 1846 ipse
1139 1769 1257 1826 ceteras
1282 1757 1503 1824 conclusiones
1523 1759 1554 1824 in

182 1863 245 1930 aliis
270 1864 467 1931 consistoriis
492 1863 663 1952 disputatas
687 1866 824 1946 omittet,
848 1864 886 1931 ad
903 1862 989 1952 quod
1012 1862 1177 1950 respondit
1199 1863 1352 1930 Sanctitas
1375 1862 1448 1946 Sua,
1473 1883 1506 1931 ut
1530 1866 1555 1929 si

183 1968 255 2057 quid
279 1967 384 2036 dicere
408 1968 535 2050 vellent,
560 1971 591 2036 in
616 1969 681 2037 aliis
706 1970 963 2038 conclusionibus
986 1983 1062 2038 tunc
1088 1967 1238 2037 dicerent.
1286 1969 1342 2057 (A.
1368 1967 1387 2035 f.
1412 1969 1502 2058 197.)

287 2075 409 2142 Romae
434 2075 486 2143 die
502 2075 604 2142 XVII.
630 2076 733 2165 aprilis
754 2097 789 2162 15
797 2097 835 2163 32
860 2076 917 2144 fuit
933 2077 1062 2143 consist.
1110 2074 1290 2164 Allegatum
1314 2073 1370 2142 suit
1393 2098 1452 2163 pro
1469 2089 1556 2164 parte

183 2183 263 2268 regis
280 2181 424 2269 Angliae,
450 2184 579 2250 nemine
604 2183 852 2267 contradicente,
877 2206 985 2271 regern
1011 2183 1043 2250 in
1060 2205 1151 2250 causa
1176 2181 1401 2248 matrimoniali
1418 2183 1556 2250 instante

185 2291 312 2356 notorio
341 2288 573 2377 impedimento
603 2313 669 2356 non
698 2291 799 2358 teneri
827 2290 936 2357 venire
964 2288 1003 2356 ad
1027 2288 1163 2370 Urbem,
1189 2290 1282 2356 etiam
1314 2287 1399 2356 nullo
1430 2311 1486 2376 pro
1515 2312 1555 2356 eo

184 2393 336 2480 allegante
352 2392 472 2462 dictum
490 2394 767 2484 impedimentum,
780 2408 882 2464 stante
899 2395 979 2462 illius
996 2396 1198 2476 notorietate,
1215 2417 1344 2461 necnon
1361 2395 1556 2462 Sanctissimi

184 2519 284 2587 partes
308 2523 389 2582 esse,
413 2524 539 2568 causant
563 2500 745 2569 huiusmodi
770 2525 808 2570 ex
824 2504 925 2569 causis
948 2500 1092 2588 praefatis
1116 2513 1202 2569 extra
1218 2499 1339 2568 Urbem
1365 2503 1394 2567 in
1420 2499 1556 2589 partibus

183 2607 214 2671 in
231 2604 304 2672 loco
329 2608 452 2695 utrique
468 2609 604 2696 partium
628 2619 698 2675 tuto
716 2607 862 2695 delegare
886 2621 917 2676 et
932 2608 1119 2674 rernittere.¹
1161 2604 1373 2673 Postmodum
1392 2626 1557 2673 excusator

184 2723 374 2799 protestatus
391 2724 438 2780 est
461 2712 657 2780 inhaerendo
674 2713 839 2801 praedictis
859 2710 1148 2800 protestationibus
1172 2710 1259 2800 quod
1282 2733 1336 2799 per
1352 2710 1557 2798 allegationes

186 2838 215 2885 et
238 2817 468 2906 disputationes
491 2819 653 2906 hucusque
677 2819 772 2886 lactas
797 2842 863 2886 non
887 2817 1063 2906 praetendit
1087 2817 1277 2884 satisfactum
1300 2839 1368 2884 esse
1392 2815 1458 2884 aliis
1482 2839 1558 2884 con-

186 2923 376 2992 clusionibus
400 2947 455 3012 per
480 2948 553 2992 eum
582 2924 745 3014 hucusque
769 2944 835 2992 non
859 2925 1036 3015 publicatis,
1060 2947 1136 3014 quas
1161 2923 1363 3011 disputandas
1388 2947 1456 2991 esse
1480 2926 1558 3011 petit

187 3043 217 3097 et
239 3029 402 3118 supplicat,
426 3029 566 3120 alioquin
590 3043 792 3119 protestatur.
839 3030 895 3119 (A.
919 3031 939 3098 f.
969 3030 1058 3119 198.)

290 3136 413 3204 Rornae
437 3136 487 3204 die
511 3137 580 3203 VII.
606 3139 682 3205 iunii
711 3157 745 3222 15
753 3157 792 3225 32
817 3135 873 3205 fuit
897 3139 1025 3204 consist.
1074 3138 1263 3224 Comparuit
1287 3152 1452 3204 excusator
1474 3136 1557 3224 regis

188 3242 333 3330 Angliae,
362 3243 415 3330 qui
440 3242 531 3324 dixit,
562 3241 726 3310 adversam
750 3255 872 3332 partem
897 3243 991 3310 fuisse
1016 3245 1140 3310 citatam
1166 3241 1203 3310 ad
1228 3241 1399 3310 videndum
1424 3240 1559 3331 produc·

187 3349 305 3414 tionem
336 3347 540 3415 articulorum
570 3349 824 3433 additionalium,
854 3363 884 3417 et
913 3369 976 3416 tarn
1007 3349 1077 3415 illos
1101 3373 1193 3438 quam
1225 3351 1329 3438 primo
1357 3347 1431 3414 loco
1456 3348 1558 3416 dictos

187 3455 272 3540 petiit
296 3451 431 3521 admitti.
470 3454 653 3522 Advocatus
677 3458 805 3543 reginae
825 3455 998 3544 respondit,
1023 3478 1089 3522 non
1107 3454 1221 3522 debere
1245 3454 1377 3536 admitti,
1402 3455 1473 3543 quia
1488 3477 1558 3542 per-

186 3582 263 3626 sona
287 3562 480 3627 excusatoris
505 3583 571 3627 non
597 3573 643 3628 est
665 3561 816 3650 legitima.
859 3562 1081 3630 Sanctissimus
1104 3559 1230 3628 admisit
1253 3560 1401 3628 articulos
1425 3559 1558 3627 additio-

187 3665 285 3748 nales,
316 3677 470 3755 quatenus
500 3666 538 3734 de
563 3669 629 3736 iure
661 3688 767 3735 essent
791 3667 987 3736 admittendi.
1033 3669 1171 3735 Fuerunt
1194 3667 1293 3735 lectae
1324 3666 1443 3734 litterae
1474 3669 1558 3754 regis

187 3771 350 3858 Α1131110,2
382 3770 493 3859 quibus
522 3772 670 3855 instabat,
698 3786 732 3841 ut
762 3773 891 3841 tandem
922 3786 1088 3841 excusator
1117 3796 1175 3861 pro
1199 3771 1343 3861 legitimo
1373 3781 1558 3840 excusatore

187 3875 375 3944 admittatur.
415 3878 542 3945 Deinde
565 3879 654 3966 petiit
678 3878 848 3947 advocatus
872 3877 1037 3970 [reginae],
1063 3892 1096 3946 ut
1122 3880 1275 3947 Sanctitas
1291 3879 1352 3947 Sua
1376 3879 1559 3967 dignaretur

187 3983 332 4070 expedire
356 4006 414 4072 pro
439 3985 563 4052 iustitia.
611 3984 680 4052 Fuit
704 3983 924 4067 deliberatum,
949 3997 983 4052 ut
1006 3983 1057 4053 die
1081 3987 1205 4052 veneris
1235 3999 1439 4073 compareant
1463 3983 1559 4052 advo-

186 4089 242 4156 cati
271 4089 433 4179 utriusque
457 4092 551 4179 partis
575 4090 614 4158 ad
639 4089 875 4158 informandum
905 4091 1110 4159 Sanctitatem
1134 4092 1231 4158 Suam
1260 4104 1291 4159 et
1319 4093 1430 4160 Rmos.
1454 4091 1558 4158 Dnos.

289 4196 412 4264 Rornae
437 4196 487 4265 die
510 4197 610 4264 XXII.
635 4199 710 4264 iunii
739 4219 750 4263 1
758 4217 773 4282 5
781 4217 830 4284 32.
878 4197 1135 4284 Comparuerunt
1159 4217 1302 4265 oratores
1319 4198 1461 4265 Caesaris
1486 4220 1558 4264 cunr

186 4299 344 4370 advocatis
369 4315 400 4370 et
423 4302 678 4392 procuratoribus
702 4305 845 4391 reginae,
876 4316 906 4371 et
931 4316 1073 4371 oratores
1102 4305 1185 4392 regis
1208 4303 1342 4392 Angliae
1367 4327 1439 4371 curn
1463 4302 1559 4370 advo-

187 4407 260 4476 catis
285 4420 316 4475 et
333 4421 518 4477 excusatore
542 4411 636 4496 regis,
660 4412 712 4498 qui
736 4409 933 4498 disputarunt
957 4411 1094 4478 maxime
1115 4433 1209 4498 super
1234 4409 1352 4476 ultimis
1376 4409 1495 4490 litteris,
1520 4432 1559 4476 an

188 4511 335 4581 inducant
358 4513 552 4583 mandatum.
601 4514 703 4603 (11.1.
732 4515 822 4604 199.)

189 4807 212 4864 N
292 4751 300 4780 ¹
319 4742 513 4867 Vprgl.8damit
532 4745 602 4798 oben
621 4744 664 4799 dle
676 4745 821 4800 Schreiben
841 4745 980 4799 Heinrichs
1000 4760 1062 4799 vom
1082 4707 1262 4815 6.x,11.153o
1282 4743 1335 4797 und
1353 4743 1558 4811 28.llll.1531.

213 4829 232 4866 τ’
251 4828 539 4939 95²ullaslbclneibeu
559 4885 698 4939 Heinrichs
718 4903 780 4940 vom
802 4888 842 4942 28.
863 4887 1058 4956 Februar1532
1078 4905 1099 4943 s.
1120 4887 1188 4939 oben
1210 4886 1255 4940 Nr.
1274 4901 1328 4954 125.
1368 4885 1458 4954 Vergl.
1472 4884 1560 4939 Carne

189 4952 240 5006 und
258 4954 362 5009 beonet
381 4973 414 5009 an
434 4956 465 5010 H.
481 4955 552 5010 Vlll.
576 4971 614 5023 15.
634 4957 694 5028 Juni
716 4971 789 5027 1532.
827 4959 901 5012 State
920 4958 1019 5030 Papers
1039 4957 1097 5013 Vll.
1120 4972 1177 5028 372.

1418 5066 1452 5106 14·
