3850 5534
288 326 330 386 22
1391 381 1395 388 .
1487 339 1561 410 April
1583 341 1648 409 1528

287 497 415 564 nolebat
443 497 630 566 contrahere
659 498 899 565 matrimonium
929 521 1003 565 cum
1026 497 1093 583 illa;
1125 522 1299 590 perquam
1327 500 1590 588 protestationem
1613 511 1659 566 te·

286 616 380 685 nent,
408 627 517 692 regern
542 605 740 672 renuntiasse
767 603 878 670 litteris
902 615 934 670 et
955 604 1064 691 gratiis
1093 605 1347 694 dispensationis,
1376 617 1407 672 et
1430 604 1518 694 quod
1546 629 1584 672 ex
1606 605 1659 673 tali

286 712 521 778 renuntiatione
544 709 665 778 litterae
693 709 937 796 dispensationis
961 728 992 776 et
1014 712 1114 798 gratia
1141 735 1197 800 per
1219 711 1285 778 illas
1307 711 1386 778 facta
1409 712 1473 778 sint
1503 709 1605 778 nullae
1627 721 1659 778 et

286 814 478 897 annullatae,
508 839 546 882 ex
569 839 634 904 quo
658 815 810 904 seqnitur,
838 813 925 904 quod
949 813 1185 904 dispensatione
1211 818 1368 884 annullata
1394 819 1463 884 sine
1487 840 1570 884 nova
1599 816 1660 884 dis-

287 923 474 1008 pensatione
497 944 565 988 non
593 923 698 1010 potuit
725 921 870 987 contrahi
899 923 1139 989 matrimonium
1163 922 1299 990 validum
1307 950 1318 1006 3
1349 942 1382 990 et
1404 924 1429 991 si
1458 923 1520 990 hoc
1549 935 1596 990 est
1619 920 1659 988 de

286 1029 353 1095 iure
376 1051 499 1109 verum,
522 1027 678 1096 Sanctitas
695 1029 810 1094 Vestra
832 1039 942 1115 posset
965 1027 1132 1111 declarare,
1156 1031 1198 1097 ita
1220 1031 1295 1096 iuris
1319 1053 1399 1096 esse.

391 1132 455 1202 Sed
477 1134 639 1201 Dominus
662 1133 807 1202 auditor¹
830 1145 942 1201 contra
964 1135 1042 1202 haec
1065 1133 1174 1203 obiicit
1196 1134 1278 1203 duo:

392 1240 501 1307 Primo
525 1239 614 1322 dicit,
644 1239 707 1307 hoc
736 1262 802 1306 non
832 1263 900 1306 osse
929 1238 1144 1308 honorificum
1172 1244 1251 1330 regi,
1274 1241 1421 1310 videlicet
1446 1241 1595 1328 allegare,
1624 1265 1659 1308 se

286 1348 483 1415 renuntiasse
506 1346 617 1414 litteris
633 1344 877 1433 dispensationis
900 1359 932 1413 et
956 1366 1067 1434 postea
1083 1350 1277 1415 contraxisse
1299 1349 1549 1428 matrimonium,
1572 1346 1659 1436 quod

286 1452 407 1520 nullum
432 1476 517 1519 nunc
539 1451 653 1540 allegat
674 1463 838 1539 tamquam
854 1464 1054 1520 contractum
1077 1455 1146 1522 sine
1170 1454 1416 1544 dispensatione,
1440 1477 1513 1521 cum
1528 1453 1580 1520 illa
1602 1476 1659 1541 per

287 1558 402 1627 dictam
426 1560 696 1626 renuntiationem
720 1559 783 1624 iam
807 1569 955 1624 evacuata
979 1571 1072 1626 esset

392 1663 542 1732 Secundo
559 1665 644 1747 dicit,
668 1662 756 1753 quod
772 1663 858 1745 dato,
882 1664 970 1753 quod
985 1687 1041 1731 rex
1059 1667 1285 1734 renuntiaverit
1301 1664 1403 1734 dictae
1419 1665 1658 1754 dispensationi,

286 1784 393 1840 tamen
417 1772 490 1860 quia
517 1793 687 1861 antequam
710 1771 835 1858 regina,
863 1793 937 1837 cum
965 1794 1026 1860 qua
1048 1773 1203 1840 contraxit
1231 1773 1487 1854 matrimonium,
1516 1795 1582 1838 non
1611 1794 1658 1836 re-

287 1879 483 1945 nuntiaverat
506 1900 566 1945 nec
589 1877 833 1944 renuntiationis
855 1899 912 1964 per
933 1899 1045 1964 regem
1073 1875 1172 1945 sactae
1200 1879 1346 1946 notitiam
1370 1877 1534 1960 habuerat,
1561 1877 1660 1964 gratia

287 1996 319 2051 et
341 1984 462 2052 litterae
478 1983 723 2071 dispensationis
740 1995 911 2050 censentur
926 1982 1090 2052 revalidari
1113 2007 1170 2072 per
1185 1997 1384 2053 contractum
1408 1984 1659 2064 matrimonium,

286 2089 374 2179 quod
397 2091 464 2178 ipse
491 2113 548 2156 rex
570 2087 779 2177 postmodum
804 2090 974 2172 contraxit,
1002 2112 1069 2156 non
1094 2089 1240 2158 obstante
1264 2090 1346 2158 dicta
1372 2091 1478 2178 priore
1506 2099 1660 2177 protesta-

286 2197 376 2264 tione
399 2196 464 2264 vim
494 2197 738 2264 renuntiationis
768 2194 927 2283 legitimae
958 2193 1043 2284 (non
1072 2195 1244 2285 habente);
1280 2208 1312 2264 et
1338 2194 1378 2263 ad
1407 2195 1471 2263 hoc
1501 2193 1660 2262 reducitur

286 2315 354 2370 tota
377 2301 542 2370 difficultas
567 2302 658 2368 huius
682 2323 802 2368 causae.
841 2300 927 2368 Nam
950 2301 977 2367 si
1000 2300 1157 2388 perillam
1181 2302 1446 2390 protestationem
1469 2323 1526 2389 per
1549 2323 1658 2388 regem

286 2406 412 2492 factam,
436 2431 601 2498 perquam
624 2431 680 2475 rex
702 2405 880 2496 praetendit
904 2409 1101 2474 renuntiasse
1125 2408 1225 2476 dictae
1245 2407 1482 2496 dispensationi,
1504 2405 1661 2475 annullata

287 2513 345 2582 fuit
368 2515 572 2603 dispeusati0,
599 2528 669 2583 tum
691 2513 767 2580 nulli
791 2512 933 2594 dubium,
960 2511 1048 2602 quod
1071 2515 1311 2582 matrimonium
1336 2512 1554 2595 subsecutum,
1578 2511 1660 2580 obsi·

287 2633 390 2688 stente
413 2620 646 2708 impedimento
661 2621 756 2708 primi
779 2617 894 2708 gradus
915 2617 1085 2702 affinitatis,
1109 2633 1157 2688 est
1178 2619 1310 2702 nullum,
1334 2632 1366 2687 et
1381 2621 1536 2687 Sanctitas
1547 2619 1661 2686 Vestra

287 2739 397 2815 posset
419 2726 586 2809 declarare,
610 2728 653 2793 ita
675 2727 750 2792 iuris
766 2747 846 2806 esse,
869 2722 1016 2792 videlicet
1038 2724 1127 2813 quod
1149 2725 1269 2793 litterae
1288 2724 1533 2815 dispensationis
1556 2725 1662 2792 matri·

288 2833 435 2900 monialis
451 2833 601 2901 obtentae
616 2843 751 2920 possunt
772 2831 945 2899 renuntiari
961 2843 993 2898 et
1008 2853 1064 2919 pet
1079 2831 1349 2899 renuntiationem
1365 2843 1533 2898 remanent
1548 2830 1661 2913 nullae,

290 2951 321 3006 et
344 2939 601 3020 matrimonium,
625 2937 747 3005 illamm
771 2939 884 3025 vigore
906 2935 1116 3025 postmodum
1140 2949 1355 3019 contractum,
1380 2959 1450 3003 esse
1473 2935 1605 3018 nullum,
1630 2955 1662 3004 et

290 3068 408 3113 novam
440 3043 710 3131 dispensationem
740 3043 855 3132 requiri
886 3040 926 3109 ad
956 3041 1211 3110 contrahendum
1240 3065 1297 3110 seu
1323 3041 1526 3109 validandum
1557 3043 1662 3109 matri-

290 3153 438 3217 monium
462 3161 672 3217 contractum.

395 3256 484 3322 Haec
498 3267 582 3336 sunt,
605 3277 685 3344 quae
708 3253 775 3321 heri
799 3275 907 3321 coram
923 3252 1094 3320 Sanctitate
1107 3254 1219 3320 Vestra
1244 3253 1326 3322 dicta
1349 3265 1380 3321 et
1402 3254 1435 3321 in
1452 3253 1567 3322 effectu
1590 3253 1663 3321 alle-

290 3381 362 3450 gata
384 3360 520 3443 fitetunt,
545 3381 576 3430 et
599 3373 704 3428 totum
727 3359 896 3440 reducitur,
919 3383 959 3426 an
975 3358 1058 3427 dicta
1080 3361 1272 3428 renuntiatio
1296 3383 1353 3448 per
1371 3382 1482 3448 regem
1506 3358 1586 3428 facta
1607 3383 1663 3428 an·

291 3467 390 3536 nullet
412 3467 529 3534 litteras
553 3465 796 3555 dispensationis
813 3463 972 3545 obtentae,
996 3465 1068 3553 quia
1089 3483 1166 3533 tunc
1189 3465 1266 3532 nulli
1281 3464 1423 3550 dubium,
1447 3465 1534 3555 quod
1557 3468 1663 3534 matri-

293 3576 438 3641 monium
462 3572 536 3640 inde
559 3591 703 3640 secutum
727 3570 784 3638 fuit
808 3581 839 3638 et
862 3581 910 3637 est
934 3569 1065 3638 nullum.

504 3713 611 3768 Lettere
625 3713 651 3766 di
664 3712 779 3784 Principi
797 3710 869 3765 XIV.
888 3709 906 3765 f.
921 3725 980 3778 145.
1016 3711 1052 3764 Zu
1072 3709 1118 3764 der
1130 3709 1310 3766 Protestation
1328 3710 1376 3766 des
1390 3712 1495 3784 Konigs
1515 3713 1598 3784 vergi.
1611 3714 1662 3768 Die

399 3801 546 3873 papstliche
570 3800 725 3866 Deiretale,
750 3799 848 3854 Histor.
871 3799 1005 3870 Jahrbuch
1026 3799 1101 3865 1888,
1128 3814 1178 3868 217
1197 3798 1278 3854 Anm.
1298 3816 1322 3867 2,
1348 3799 1499 3855 ausserdem
1523 3800 1663 3856 Heinrichs

399 3889 543 3944 Schreiben
562 3907 595 3943 an
609 3887 758 3942 ferdinand
775 3904 829 3941 von
848 3887 964 3958 Spanien
982 3885 1008 3940 d.
1021 3887 1046 3942 d.
1066 3904 1089 3958 9.
1105 3887 1180 3959 April
1195 3887 1270 3957 1506,
1288 3889 1315 3943 in
1328 3887 1463 3944 welchem
1481 3905 1511 3944 er
1528 3899 1598 3944 trotz
1616 3889 1663 3945 des

398 3978 535 4032 Protestes
547 3977 590 4030 die
602 3977 751 4031 Prinzessin
764 3976 907 4030 Katharina
926 3974 1098 4046 laprincesse
1110 3993 1154 4029 ma
1166 3975 1268 4031 femme
1287 3986 1377 4032 neunt.
1408 3976 1546 4046 Gairdner,
1560 3977 1664 4032 Letters

400 4065 451 4119 and
467 4065 566 4135 Papers
585 4063 618 4118 os
632 4063 746 4118 Richard
763 4062 809 4118 111.
828 4063 880 4117 and
898 4063 989 4136 Henry
1002 4062 1061 4118 Vll.
1079 4062 1100 4118 1.
1114 4064 1173 4132 285.
1210 4064 1261 4119 Die
1273 4065 1454 4121 Protestation
1471 4083 1536 4121 vom
1550 4082 1591 4138 27.
1604 4068 1663 4139 Juni

403 4169 467 4222 1505
489 4153 532 4206 bei
551 4152 648 4206 Bumet
666 4153 686 4206 1.
706 4151 775 4208 Coil.
795 4151 828 4206 ΙΙ.
846 4170 871 4206 n.
885 4166 910 4205 2.
940 4140 1014 4205 Uber
1032 4151 1084 4205 den
1093 4151 1233 4206 Verfasser
1251 4151 1337 4208 dieses
1351 4152 1501 4208 Consilium
1519 4153 1603 4226 vergl.
1622 4155 1665 4209 die

402 4240 607 4312 Bemerltungen
625 4259 656 4295 zu
676 4241 722 4294 der
741 4239 886 4311 folgenden
904 4239 951 4294 Nr.

949 4401 1015 4485 20.

401 4541 578 4613 Ausstilrrlt'cbe
602 4541 770 4612 Darstelltmg
793 4541 839 4594 der
861 4539 1073 4613 Verhaudlungen
1100 4544 1146 4594 mit
1170 4544 1219 4595 den
1247 4543 1389 4614 englischert
1417 4541 1575 4607 Gesandteu,
1600 4542 1667 4596 For-

295 4630 426 4701 derungeu
448 4631 495 4682 der
515 4631 632 4698 leitteren
655 4629 707 4682 rand
729 4629 932 4700 Entgegnttngen
954 4647 1007 4684 von
1020 4630 1174 4702 pa'pstlr'cher
1196 4629 1270 4695 Seite,
1293 4633 1356 4685 alles
1373 4633 1401 4683 in
1422 4631 1522 4700 Betreff
1541 4631 1588 4684 der
1605 4649 1667 4685 ver-

296 4719 401 4788 langlen
421 4717 616 4771 Detretaltutte.

404 4874 534 4997 ιἑαεοῑνο
552 4875 712 4942 simonetta,
738 4873 849 4928 Auditor
873 4874 919 4928 der
936 4875 1005 4930 Rota
1040 4875 1152 4930 Bisclroi
1166 4893 1220 4932 von
1245 4875 1353 4944 Pesaro,
1379 4875 1449 4931 ofter
1472 4876 1671 4934 Stellvertreter

298 4946 345 4998 des
364 4945 427 4999 lran
446 4962 479 4998 en
497 4945 604 4998 Deians
623 4944 670 4999 der
688 4945 765 5012 Rota,
784 4945 867 5000 Paulo
886 4919 1037 5016 Capisuclri.
