3796 5538
166 314 236 367 Felix
258 332 310 367 von
330 315 409 368 Prato
428 315 492 368 iiber
511 315 553 367 die
574 315 668 384 papstl.
687 315 913 385 Dispensgenalt.
1475 302 1537 364 239

273 475 375 545 Boleyn
399 475 572 545 belgetragen
596 475 649 528 hat.
688 475 779 546 Vergl.
799 474 970 540 Friedrnann‚
996 475 1015 528 1.
1037 475 1131 546 229l3o
1156 493 1180 531 u.
1200 493 1222 530 a.
1243 493 1265 528 a.
1286 474 1320 529 O.
1358 473 1538 545 Desgleichen

272 564 314 616 die
334 562 521 633 Befirrchtung,
543 562 598 616 dass
617 564 744 618 Heinrich
758 563 828 617 VIII.
849 563 931 616 durch
950 563 992 616 die
1012 563 1123 617 erklarte
1143 562 1251 634 Absage
1270 580 1359 635 gegen
1379 563 1429 616 den
1445 563 1539 616 Kaiser

272 653 298 704 in
317 669 384 722 ganz
409 651 593 705 unruhmtiche
611 652 811 724 Athangigkett
834 669 887 705 von
907 651 1065 705 Frankreiclr
1090 651 1168 705 fallen
1193 651 1291 706 werde.
1328 651 1499 718 Friedmann,
1519 653 1538 705 I.

275 754 320 807 115
342 755 381 809 sq.
402 753 496 793 21011.
516 756 539 792 a.
559 757 581 792 a.
602 737 636 793 O.

810 882 884 964 146

616 1019 855 1109 Theologisehe
879 1019 1092 1109 Abhandlung

218 1126 275 1194 des·
298 1127 669 1215 Augustiner·Eren1iten
692 1128 799 1195 Frater
822 1127 907 1194 Felix
931 1150 996 1194 von
1020 1128 1115 1196 Prato
1140 1127 1215 1195 tiber
1239 1127 1289 1196 die
1313 1127 1484 1217 papstliche

356 1232 613 1321 Dispensgewalt
636 1231 686 1299 bei
710 1233 1009 1320 Verschwtigerung
1034 1235 1077 1299 im
1102 1245 1206 1302 ersten
1230 1232 1345 1301 Grade.

269 1391 451 1474 Quaeritur,
486 1415 525 1458 an
556 1393 707 1460 Summus
739 1389 887 1458 Pontifex
919 1391 1030 1460 habeat
1063 1391 1242 1460 facultatem
1267 1388 1470 1480 dispensandi
1505 1392 1536 1456 in

164 1499 270 1585 primo
294 1495 452 1566 affinitatis
474 1497 588 1585 gradu,
617 1510 651 1565 ut
674 1500 742 1586 quis
766 1520 900 1564 uxorem
923 1496 1024 1566 fratris
1048 1499 1094 1566 sui
1120 1498 1259 1566 defuncti
1286 1499 1355 1565 sine
1378 1496 1481 1564 liberis
1506 1498 1538 1563 in

165 1604 406 1670 matrimonium
429 1603 529 1670 valeat
551 1602 608 1670 sibi
633 1605 839 1691 coniungere.

272 1707 413 1790 Quidam
438 1710 524 1776 enim
548 1710 723 1777 recentium
747 1709 1004 1798 theologantinm
1027 1710 1156 1778 scholae
1180 1710 1210 1778 id
1234 1711 1366 1777 minime
1395 1708 1437 1775 illi
1461 1733 1537 1775 con-

165 1837 290 1882 cessum
314 1813 473 1882 affirmant
495 1834 687 1898 asserentes,
716 1815 790 1882 iuris
815 1839 883 1882 esse
907 1814 1021 1899 divini,
1051 1840 1092 1882 ue
1116 1817 1185 1905 quis
1208 1837 1342 1882 uxorem
1366 1814 1467 1883 fratris
1490 1817 1538 1882 sui

164 1919 305 2006 accipiat.
352 1921 452 1988 Levit.
475 1924 512 1990 18
536 1945 571 1989 ac
596 1927 668 1988 20.¹
709 1922 775 2003 Qui
800 1919 923 1990 duxerit
947 1945 1080 1989 uxorem
1096 1921 1198 1990 fratris
1221 1923 1280 2003 sui,
1302 1944 1371 1989 rem
1394 1919 1466 1988 facit
1483 1920 1537 1987 illi-

165 2027 271 2108 citam,
295 2026 523 2115 turpitudinem
547 2027 648 2095 fratris
672 2029 720 2095 sui
742 2027 901 2110 revelavit,
931 2028 1047 2118 absque
1070 2028 1141 2096 filiis
1165 2031 1233 2096 erit.
1279 2028 1330 2095 lus
1359 2039 1464 2094 autem
1493 2025 1538 2095 di-

165 2133 275 2199 vinum
300 2145 331 2202 et
354 2146 481 2201 naturae
500 2136 564 2200 vim
589 2145 683 2224 atque
699 2132 795 2201 robur
819 2157 857 2202 ex
873 2132 978 2202 divina
995 2134 1141 2202 obtinent
1161 2135 1369 2214 institutione,
1394 2134 1536 2222 inquam

165 2237 283 2306 nullam
308 2241 443 2306 cuiusvis
474 2240 614 2307 hominis
638 2229 968 2328 insigni'praestantis
997 2239 1123 2330 fastigio
1147 2239 1306 2329 dignitatis
1337 2237 1448 2307 cadere
1476 2238 1537 2307 dis-

165 2346 387 2432 pensationem
419 2365 608 2414 asseverant.
661 2347 745 2414 Nam
775 2348 833 2414 etsi
862 2347 977 2414 veteris
1005 2348 1187 2414 testamenti
1222 2325 1412 2435 praecepta,⁸
1434 2367 1537 2412 caere-

165 2449 315 2516 monialia
330 2449 476 2518 videlicet
492 2463 524 2519 et
539 2450 703 2534 iudicialia,
727 2475 783 2540 per
798 2452 904 2540 legem
929 2453 1142 2541 evangelicam
1159 2451 1339 2541 Christique
1355 2452 1537 2540 passionem

164 2556 290 2643 penitus
314 2559 514 2640 evanuerint,
544 2557 675 2624 moralia
699 2556 845 2647 quidem,
868 2559 934 2646 ipsa
958 2558 1150 2646 approbante
1174 2558 1405 2646 Redemptore,
1434 2557 1536 2624 nullus

163 2660 316 2750 abrogare
341 2685 475 2751 compos
506 2663 627 2732 evadet.
674 2663 837 2731 Eiusmodi
866 2662 1049 2732 mandatum
1078 2665 1198 2732 morale
1226 2663 1432 2752 divinumque
1462 2687 1534 2731 curn

164 2769 203 2836 sit
226 2791 283 2856 per
305 2767 411 2855 legem
434 2771 551 2857 gratiae
575 2793 774 2859 nequaquam
798 2769 945 2853 ablatum,
970 2770 1120 2838 Summus
1143 2770 1289 2837 Pontifex
1313 2792 1354 2836 eo
1377 2767 1535 2838 affinitatis

163 2873 262 2961 gradu
287 2873 469 2964 dispensare
493 2874 575 2943 haud
597 2875 721 2944 valebit.
768 2877 826 2942 Vir
849 2895 1011 2964 praeterea
1035 2888 1065 2943 et
1082 2899 1161 2942 uxor
1185 2877 1217 2942 in
1241 2876 1449 2943 matrimonio
1473 2899 1535 2942 una

164 2978 343 3048 efficiuntur
371 3005 461 3063 caro,
494 2981 619 3050 dicente
647 2980 762 3064 Adam,
794 2983 913 3050 Genes.
947 3001 966 3048 2
1001 2980 1095 3071 (24):
1131 2981 1354 3062 Quamobrem
1381 2981 1536 3071 relinquet

164 3084 266 3152 homo
289 3105 411 3174 patrem
435 3110 527 3155 suum
553 3099 584 3155 et
607 3106 740 3154 matrem
765 3099 797 3154 et
820 3084 999 3155 adhaerebit
1022 3088 1113 3156 uxori
1136 3111 1221 3170 suae,
1245 3100 1277 3157 et
1300 3100 1392 3156 erunt
1415 3087 1479 3156 duo
1502 3088 1536 3155 in

164 3213 353 3259 carneuna.
400 3193 438 3260 Et
461 3194 606 3261 Salvator
637 3212 746 3260 noster
769 3193 880 3261 Matth.
914 3215 951 3279 19
982 3191 1054 3283 (6),
1082 3194 1179 3261 Marc.
1214 3217 1252 3261 10
1281 3194 1337 3284 (8)
1366 3207 1440 3283 post
1470 3195 1536 3262 eius

163 3299 339 3366 sententiae
372 3299 635 3388 approbationem
668 3297 799 3367 addidit:
840 3300 910 3384 Jam
942 3322 1009 3366 non
1042 3312 1117 3366 sunt
1148 3298 1229 3383 du0,
1262 3300 1318 3368 sed
1353 3324 1413 3368 una
1452 3324 1535 3368 caro.

163 3401 278 3471 Paulus
301 3427 429 3495 quoque
453 3405 476 3472 Ι.
501 3405 578 3473 Cor.
604 3409 622 3473 6
648 3405 726 3495 (16)
756 3404 1001 3474 fornicationem
1031 3408 1192 3474 insecutus
1215 3406 1353 3475 eundem
1384 3405 1436 3496 (ut
1464 3431 1536 3495 pro-

164 3509 318 3598 phetiam)
337 3510 463 3578 adducit
487 3535 682 3580 sermonem.
728 3512 766 3580 Et
794 3510 833 3579 ad
864 3511 977 3599 Ephes.
992 3532 1024 3597 ,ς
1056 3511 1134 3601 (28)
1164 3513 1249 3580 iubet
1278 3535 1393 3580 uxores
1421 3524 1455 3581 ut
1482 3536 1538 3580 sua

165 3614 294 3704 diligere
319 3639 464 3706 corpora.
511 3617 700 3700 Quisnam,
724 3618 777 3700 ait,
801 3641 934 3684 uxorem
959 3616 1068 3706 diligit,
1092 3642 1126 3686 se
1151 3620 1253 3707 ipsum
1278 3618 1387 3707 diligit.
1426 3619 1535 3687 Nemo

165 3722 252 3790 enim
276 3745 404 3790 carnem
429 3747 518 3791 suam
542 3747 682 3813 unquam
706 3723 783 3790 odio
807 3723 923 3792 habuit.
971 3723 1095 3791 Gradus
1124 3736 1230 3790 autem
1259 3721 1379 3812 primus
1404 3745 1537 3791 consan-

164 3827 326 3916 guinitatis
350 3825 391 3894 ob
415 3829 576 3915 sanguinis
593 3829 747 3897 unionem
764 3831 831 3897 iure
847 3829 1042 3898 interdicitur
1058 3829 1176 3897 divino.
1215 3829 1293 3898 Non
1310 3829 1405 3898 decet
1420 3831 1536 3919 quippe

164 3931 392 4023 turpitudinem
418 3935 684 4022 consanguineae,
708 3936 771 4004 hoc
794 3947 842 4004 est
864 3938 994 4018 sororis,
1018 3959 1074 4025 per
1098 3948 1203 4003 actum
1225 3935 1364 4003 revelare
1387 3937 1537 4025 coniugii.

166 4038 291 4108 Gradus
315 4062 443 4129 quoque
466 4038 624 4109 affinitatis
648 4044 767 4128 primus
791 4043 1032 4110 matrimonium
1056 4042 1173 4109 eodem
1189 4041 1342 4130 impediet
1364 4043 1440 4126 iure,
1459 4044 1538 4110 eius-

165 4144 303 4235 demque
327 4146 466 4212 mulieris
489 4146 717 4234 turpitudinem
746 4146 895 4236 detegere
925 4170 991 4215 non
1016 4147 1134 4230 licebit,
1163 4149 1190 4214 si
1218 4145 1346 4237 quidem
1375 4148 1537 4237 turpitudo

165 4253 273 4320 uxoris
300 4251 402 4319 fratris
430 4251 592 4340 turpitudo
623 4251 723 4320 fratris
752 4265 808 4320 est.
862 4254 899 4320 Et
928 4254 1048 4342 Grego.
1081 4274 1096 4340 3
1103 4274 1118 4339 5
1151 4278 1203 4342 qu.
1237 4275 1275 4322 10
1305 4277 1371 4344 cap.
1418 4255 1538 4323 Frater·

166 4359 285 4426 nitatis:
321 4357 374 4426 »Si
397 4359 466 4446 quis
490 4381 568 4446 ergo
591 4361 760 4426 temerario
785 4371 816 4428 et
839 4359 993 4448 sacrilego
1010 4384 1086 4428 ausu
1103 4361 1136 4428 in
1160 4357 1311 4428 defuncto
1329 4362 1448 4450 quaerit
1465 4384 1537 4449 pro-

166 4465 374 4553 pinquitatem
404 4466 604 4552 extinguere,
632 4466 683 4534 vel
712 4465 769 4533 sub
798 4466 897 4535 altero
921 4465 1079 4535 affinitatis
1108 4466 1263 4536 vocabulo
1293 4466 1459 4556 dissipare,
1487 4468 1538 4537 vel

195 4730 200 4741 ι
273 4665 282 4696 ¹
300 4657 440 4724 Levit18,
457 4657 495 4713 16.
527 4658 729 4730 TurpitudInem
747 4661 834 4714 uxoris
849 4659 934 4715 fratris
952 4661 990 4714 tui
1003 4677 1057 4714 non
1071 4661 1208 4728 revelabis,
1227 4662 1286 4733 quia
1306 4663 1439 4734 turpitudo
1453 4661 1537 4716 fratris

165 4738 202 4784 lm
226 4737 355 4854 eStbenit.
376 4815 417 4866 zo,
439 4815 480 4854 21.
518 4801 574 4862 Qui
592 4800 694 4855 duxerit
717 4819 828 4856 uxorem
847 4801 933 4857 fratris
953 4803 1004 4869 sui,
1031 4819 1088 4856 rem
1109 4802 1170 4856 facit
1193 4801 1326 4871 illicitam,
1349 4803 1537 4875 turpitudinem

165 4869 251 4924 fratris
270 4872 308 4924 sui
328 4870 466 4925 revelavit:
486 4871 585 4942 absque
603 4871 691 4926 liberis
709 4882 792 4927 erunt.
829 4873 876 4926 Bei
894 4873 994 4928 andern
1005 4872 1110 4928 Citaten
1124 4889 1170 4928 aus
1183 4871 1230 4926 der
1248 4872 1283 4927 hl.
1297 4873 1394 4930 Scluift
1412 4874 1471 4930 sind
1489 4892 1536 4931 un·

166 4941 341 4998 weseutliche
354 4941 499 4996 Varianten
518 4941 587 4998 nach
607 4942 653 4996 der
665 4942 780 5016 Vulgata
799 4943 983 5018 umgeiindert.
