3842 5532
345 281 407 342 244
969 291 1040 350 Felix
1060 313 1114 350 von
1132 291 1211 349 Prato
1231 293 1295 349 uber
1313 291 1356 348 die
1374 293 1469 366 papstl.
1489 289 1715 366 Dispensgewalt.

344 467 510 543 peccatum
533 455 599 523 sive
623 454 773 523 delictum
797 478 890 522 suum
913 455 1099 544 portabunt,
1129 468 1163 524 ut
1192 457 1224 523 in
1249 455 1389 545 reliquis,
1418 478 1485 522 non
1514 453 1610 522 dixit?
1650 455 1717 522 Cur

344 584 474 649 gravem
498 584 564 629 non
588 560 701 628 adiecit
724 563 884 649 poenam?
907 562 1026 650 Regula
1050 564 1144 650 igitur
1166 563 1299 630 Levitici
1322 582 1400 628 sano
1425 573 1473 629 est
1495 561 1646 649 capienda
1670 563 1716 628 in·

344 667 485 735 tellecta:
511 667 550 734 ad
573 690 705 734 uxorem
730 667 831 734 fratris
855 668 957 735 nullus
981 666 1107 736 accedat
1130 670 1257 736 vivente
1282 667 1374 734 fratre
1399 666 1448 735 vel
1465 665 1617 735 defuncto
1641 691 1715 734 cum

345 772 458 841 liberis.
506 772 631 853 Quibus
656 794 770 840 omnes
793 786 916 841 cessant
938 774 1094 863 querelae.

450 879 563 969 Neque
589 903 650 946 una
681 903 756 947 sane
786 903 858 948 cum
882 881 951 948 viro
980 903 1061 948 uxor
1085 894 1131 948 est
1156 885 1260 962 car0‚¹
1289 880 1345 946 sed
1374 881 1431 948 viri
1459 879 1554 947 frater
1583 903 1717 947 cumea

346 1007 444 1052 uxore
468 998 502 1052 ut
525 1009 636 1052 sorore
654 983 713 1075 (?),
738 1009 841 1075 neque
866 985 1055 1054 omnimoda
1078 999 1125 1055 est
1148 985 1337 1070 similitud03
1361 985 1455 1055 frater
1475 989 1560 1054 enim
1578 1006 1609 1054 et
1624 1009 1718 1053 soror

345 1094 378 1159 in
402 1115 463 1159 una
487 1094 726 1159 communicant
749 1115 843 1160 carne
867 1106 898 1160 et
921 1095 1086 1181 sanguine,
1110 1090 1256 1162 videlicet
1279 1095 1311 1160 in
1339 1106 1437 1181 patre,
1460 1091 1548 1182 quod
1571 1091 1717 1160 affinibus

345 1199 479 1265 minime
503 1198 624 1266 accidit.
664 1199 778 1288 Neque
803 1198 946 1266 eiusdem
970 1202 1096 1288 penitus
1118 1211 1191 1268 sunt
1208 1198 1408 1266 contubernii
1424 1198 1534 1266 affines
1550 1219 1623 1267 ante
1640 1223 1717 1266 con·

345 1305 465 1391 iugium
487 1304 536 1372 vel
558 1303 708 1372 defuncto
732 1305 801 1372 viro
832 1306 901 1372 sine
923 1305 1023 1394 prole,
1047 1319 1081 1374 ut
1097 1305 1315 1394 reprimendae
1333 1307 1608 1394 concupiscentiae
1626 1329 1717 1374 causa

345 1409 424 1478 adsit
448 1410 545 1478 veluti
568 1412 600 1477 in
624 1433 745 1478 sorore.
792 1411 879 1478 Dum
905 1413 990 1478 enim
1015 1414 1061 1480 vir
1085 1413 1176 1494 vivit,
1207 1425 1280 1500 post
1304 1413 1490 1500 coniugium
1518 1424 1717 1480 contractum

346 1539 445 1583 unum
470 1539 595 1616 corpus,
618 1540 681 1583 una
705 1539 788 1599 car0,
812 1541 894 1584 unus
917 1519 1041 1605 spiritus
1067 1517 1199 1586 efficitur
1216 1542 1296 1585 uxor
1320 1542 1392 1586 curn
1417 1542 1467 1586 eo.
1502 1517 1625 1586 Omnia
1643 1537 1718 1585 sunt

345 1623 404 1690 illis
428 1621 571 1705 indivisa,
595 1622 671 1691 alter
694 1625 809 1712 quippe
834 1625 866 1690 in
890 1623 1015 1692 alterius
1039 1623 1113 1693 abiit
1142 1636 1349 1713 potestatem,
1377 1625 1400 1691 l.
1431 1623 1469 1691 ad
1494 1625 1571 1692 Cor.
1601 1647 1619 1712 7
1649 1624 1717 1714 (4).

346 1729 471 1812 Mulier,
503 1731 603 1818 inquit
633 1729 823 1819 Apostolus,
855 1731 902 1797 sui
932 1732 1075 1818 corporis
1106 1744 1297 1820 potestatem
1330 1754 1397 1798 non
1426 1731 1533 1814 habet,
1568 1731 1625 1798 sed
1659 1733 1717 1798 vir.

348 1835 497 1904 Similiter
521 1848 626 1904 autem
651 1848 682 1903 et
704 1837 751 1902 vir
774 1837 821 1902 sui
846 1838 988 1924 corporis
1012 1849 1203 1925 potestatem
1227 1861 1293 1904 non
1317 1836 1425 1919 habet,
1449 1836 1504 1904 sed
1528 1837 1650 1904 mulier.
1676 1877 1718 1887 -

348 1940 507 2009 Defuncto
531 1943 601 2009 viro
625 1943 692 2009 sine
720 1941 809 2030 prole
833 1944 896 2008 iarn
920 1965 986 2009 non
1010 1945 1152 2032 proprie,
1176 1941 1233 2010 sed
1255 1942 1337 2010 forte
1361 1943 1576 2032 metaphorice
1600 1943 1718 2011 habent

347 2047 485 2115 eundem
509 2049 653 2135 spiritum
677 2059 730 2115 aut
753 2046 835 2116 forte
859 2048 994 2116 eandem
1019 2071 1156 2116 carnem.
1203 2050 1260 2116 Vir
1284 2051 1347 2116 iam
1372 2047 1514 2117 discessit
1537 2073 1555 2116 e
1578 2049 1717 2132 saeculo,

347 2177 426 2222 uxor
450 2155 596 2220 omniunt
617 2152 810 2221 obliviscitur
832 2166 970 2237 actuum,
994 2178 1127 2222 omnem
1150 2157 1255 2223 amisit
1277 2154 1435 2237 affectum,
1459 2155 1545 2222 alteri
1569 2154 1718 2223 adhaeret

347 2262 426 2344 viro,
450 2260 530 2328 illius
554 2258 688 2328 efficitur
711 2283 795 2342 caro,
819 2260 899 2328 illius
922 2284 1047 2348 corpus,
1073 2259 1152 2328 illius
1175 2262 1312 2350 spiritus,
1336 2285 1370 2328 se
1394 2274 1495 2329 totam
1519 2285 1578 2350 pro
1600 2261 1718 2329 viribus

346 2367 386 2436 ad
408 2367 504 2434 alium
528 2368 685 2434 convertit
709 2368 822 2434 virum.

453 2472 558 2542 Verba
581 2475 684 2562 itaque
708 2495 781 2539 curn
798 2472 896 2554 Adae,
920 2485 987 2540 tum
1005 2474 1174 2542 Salvatoris
1199 2494 1229 2541 et
1249 2473 1397 2562 Apostoli
1420 2496 1456 2540 ac
1479 2473 1613 2541 aliorum
1630 2497 1719 2542 sanc·

348 2599 453 2646 torum
478 2581 605 2646 vivente
627 2579 724 2667 ipsius
748 2579 815 2646 viro
839 2603 875 2646 ac
898 2577 1049 2648 defuncto
1073 2603 1147 2647 cum
1172 2579 1275 2668 prole,
1305 2603 1378 2647 cum
1402 2602 1497 2647 unam
1521 2581 1581 2646 iarn
1607 2603 1718 2647 conse·

348 2687 436 2775 qunti
459 2686 491 2751 in
515 2685 610 2752 tertio
634 2707 708 2752 vere
731 2685 794 2752 sint
817 2707 956 2767 carnem,
981 2687 1070 2753 cuius
1094 2708 1186 2754 causa
1208 2687 1374 2774 praecipue
1396 2687 1603 2753 constitutum
1628 2684 1718 2752 suita

349 2793 420 2860 Deo
457 2792 713 2873 matrimonium,
749 2790 953 2879 intelligenda
986 2815 1163 2860 censemus.
1211 2792 1305 2874 Quae
1338 2794 1407 2859 viro
1443 2790 1593 2860 defuncto
1629 2791 1718 2880 prole

347 2899 529 2987 superstite,
563 2899 736 2985 coniugem
770 2903 937 2965 observare
970 2900 1132 2988 aequitatis
1166 2900 1353 2987 pietatisque
1381 2898 1531 2987 obsequia
1562 2921 1621 2965 nec
1649 2922 1717 2966 non

348 3006 461 3094 prioris
484 3003 662 3071 dilectionis
685 3005 776 3090 signa
798 3002 867 3071 lore
890 3003 1065 3071 iudicamus
1093 3006 1240 3072 maxima.
1287 3005 1409 3072 Verum
1440 3016 1525 3086 esto,
1554 3027 1615 3072 una
1644 3027 1718 3072 vere

346 3113 410 3178 sint
433 3133 506 3178 caro
530 3112 576 3177 vir
600 3129 630 3176 et
653 3132 735 3176 uxor
756 3129 829 3198 post
853 3109 978 3178 alterius
1002 3109 1124 3178 obitum
1149 3111 1233 3177 nulla
1255 3111 1422 3198 superstite
1439 3109 1538 3198 prole,
1562 3133 1716 3199 quaenam

348 3214 566 3306 reprimendae
591 3216 866 3304 concupiscentiae
891 3239 983 3284 causa
1006 3215 1110 3299 adest,
1140 3239 1180 3284 ne
1211 3215 1374 3284 contrahat
1399 3240 1472 3283 curn
1500 3217 1548 3283 sui
1579 3217 1636 3283 viri
1666 3214 1719 3282 de·

346 3323 446 3392 functi
468 3322 572 3404 fratre,
595 3321 636 3388 ob
660 3345 755 3411 quam
779 3323 845 3389 iure
869 3321 977 3390 divino
1000 3345 1145 3391 sororem
1169 3321 1361 3411 prohibitam
1384 3322 1516 3390 asseris?
1539 3323 1624 3390 Ante
1642 3345 1719 3390 con·

346 3431 467 3518 iugium
493 3427 634 3497 eiusdem
659 3427 858 3496 habitationis
881 3430 1047 3518 participes
1071 3429 1158 3497 fuere
1182 3430 1329 3511 minime,
1358 3453 1418 3496 nec
1448 3429 1524 3518 quid
1547 3428 1719 3517 possedere

348 3558 537 3618 commune;
560 3554 633 3623 post
658 3536 843 3622 coniugium
867 3536 992 3602 vivente
1017 3537 1086 3602 viro
1111 3537 1331 3625 morienteque
1361 3558 1433 3602 cum
1458 3535 1547 3623 prole
1572 3559 1633 3602 una
1655 3537 1719 3602 iarn

348 3665 421 3710 cunr
445 3642 579 3708 existant
603 3663 691 3722 caro,
720 3663 918 3730 nequaquam
943 3640 1045 3724 decet,
1068 3643 1116 3709 ius
1140 3643 1242 3730 ipsum
1267 3641 1461 3730 reprobavit,
1486 3643 1592 3708 omnis
1617 3661 1718 3709 cessat

347 3749 512 3836 appetitus.
560 3745 721 3814 Defuncto
744 3747 813 3812 viro
837 3749 905 3814 sine
929 3747 1017 3834 prole
1042 3771 1135 3836 quarn
1160 3746 1311 3814 ostendes
1335 3748 1480 3814 causam?
1503 3747 1643 3814 Primam
1665 3771 1720 3815 ne·

347 3877 502 3942 quaquam
526 3853 628 3920 sortiti
652 3851 749 3934 fuere,
773 3851 945 3920 secundam
969 3876 1036 3920 non
1060 3855 1187 3941 aspicio,
1234 3853 1377 3921 Discedit
1410 3877 1427 3920 e
1456 3853 1573 3936 domo,
1604 3855 1718 3922 amittit

348 3983 462 4027 omnes
486 3959 625 4040 allectus
649 3958 688 4025 ad
711 3957 793 4026 aliud
816 3961 879 4025 iarn
902 3961 1044 4028 transivit
1060 3961 1296 4042 commertium,
1321 3961 1427 4026 omnis
1448 3958 1535 4027 abest
1552 3964 1719 4049 concupis·

348 4067 460 4133 centia.
508 4066 573 4132 Cur
598 4066 700 4153 itaque
725 4088 822 4153 negas
848 4064 1005 4133 eiusmodi
1029 4067 1269 4134 matrimonium
1293 4064 1361 4133 fieri
1384 4067 1498 4154 posse?
1525 4066 1718 4134 Sermonem

350 4174 443 4240 etiarn
467 4170 689 4252 affirmantem,
713 4170 940 4259 turpitudinem
958 4173 1065 4240 uxoris
1088 4172 1188 4240 fratris
1205 4175 1250 4239 tui
1273 4171 1502 4260 turpitudinem
1518 4171 1620 4240 fratris
1637 4195 1718 4254 esse,

349 4281 418 4368 ipso
441 4279 569 4346 vivente
591 4277 641 4346 vel
664 4279 831 4366 superstite
854 4278 942 4367 prole
959 4277 1200 4366 intelligendum
1224 4278 1380 4346 duximus.
1427 4277 1477 4345 De
1496 4277 1546 4345 his
1569 4279 1665 4360 enim,
1685 4291 1719 4347 ut

350 4385 449 4473 inquit
471 4383 673 4472 Apostolus)
695 4386 747 4474 qui
772 4384 847 4451 foris
871 4397 955 4468 sunt,
981 4384 1064 4453 nulla
1088 4405 1134 4453 est
1159 4408 1231 4453 cura
1247 4384 1404 4452 Ecclesiae
1427 4407 1482 4451 seu
1499 4383 1718 4472 opprobrium,

348 4513 452 4579 neque
475 4489 540 4557 aliis
565 4489 761 4573 hominibus3
797 4492 845 4556 sin
874 4515 979 4572 secus,
1009 4515 1123 4558 omnes
1153 4493 1184 4559 in
1209 4489 1369 4559 inlinitum
1393 4513 1492 4579 usque
1517 4491 1582 4557 iure
1607 4489 1718 4558 divino

456 4721 538 4775 ¹Der
557 4721 638 4774 Manu
661 4722 694 4775 ist
713 4721 760 4774 mit
780 4720 826 4774 der
845 4720 911 4775 Frau
934 4723 1022 4778 seines
1041 4721 1153 4776 Bruders
1172 4721 1380 4793 verschwagert
1403 4722 1466 4775 aber
1484 4721 1578 4775 daraus
1601 4721 1718 4776 entsteht

348 4793 424 4846 keine
443 4790 749 4846 Blutsverwandtschaft.

454 4861 502 4916 ²1.
522 4861 585 4916 Cor.
606 4877 629 4930 5,
651 4877 690 4916 12.
728 4862 802 4924 Quid
821 4864 892 4916 enim
913 4864 977 4916 mihi
996 4864 1029 4918 de
1047 4865 1087 4930 iis,
1107 4865 1150 4935 qui
1170 4863 1233 4916 soris
1253 4873 1321 4930 sunt,
1340 4862 1474 4916 iudicare?
1514 4879 1553 4932 ¹3·
1579 4863 1650 4916 Nam
1669 4879 1717 4917 eos

349 4934 392 5004 qui
413 4931 476 4986 foris
496 4941 563 4998 sunt,
583 4933 656 4986 Deus
676 4931 806 4986 iudicabit.
