3850 5534
203 303 271 356 1527
289 285 347 358 Juli.

870 443 906 526 2.

323 586 417 656 Kard.
441 584 603 673 Wolsey
626 607 666 650 an
689 581 784 651 Kard.
809 582 967 653 Ridolfi.
1013 582 1164 665 London,
1196 603 1244 650 12.
1267 583 1327 668 Juli
1355 607 1391 672 15
1418 609 1447 674 7.

308 728 492 801 Entsprecbcnd
509 727 566 780 dem
583 725 773 790 uorstchenden,
791 743 842 778 rtur
859 733 936 778 etwas
954 724 1146 796 aussdbrlicher.

260 849 542 921 Reverendissimo
566 849 753 918 in‘Christo
776 849 870 931 Patri,
894 849 1041 916 Domino
1065 847 1213 916 cardinali
1236 849 1386 934 Rodulfo,
1410 851 1516 941 legato

493 956 689 1037 Patrimonii,
712 954 859 1021 Domino
882 976 958 1021 meo
981 952 1280 1023 observandissimo

309 1081 586 1150 Reverendissime
620 1091 678 1147 etc.
731 1079 807 1146 Non
837 1076 962 1160 dubito,
996 1081 1070 1168 quin
1102 1101 1161 1167 pro
1189 1078 1243 1146 illo
1276 1079 1436 1168 dignitatis
1464 1084 1573 1172 gradu,

199 1212 298 1279 quem
330 1187 436 1256 divina
465 1187 668 1254 miseratione
698 1207 906 1252 communem
935 1187 1091 1272 gerimus,
1118 1207 1226 1272 parem
1255 1208 1294 1253 ex
1322 1186 1460 1256 dolenda
1488 1191 1575 1261 clade

199 1293 405 1383 inauditaque
442 1291 624 1360 crudelitate
659 1291 865 1359 Sanctissimo
898 1291 1044 1357 Domino
1081 1291 1220 1373 Nostr0,
1255 1307 1457 1362 sacrosancto
1494 1298 1575 1366 illius

201 1401 326 1468 senatui
357 1411 450 1488 atque
481 1398 582 1466 almae
614 1396 681 1465 urbi
713 1397 836 1466 Romae
866 1395 948 1463 illata
981 1395 1162 1464 molestiam
1193 1419 1320 1464 mecum
1353 1405 1574 1490 conceperitis.

201 1505 293 1589 Quid
317 1506 460 1575 enimin
485 1526 694 1572 communem
718 1504 865 1570 omnium
894 1514 1061 1590 parentem
1090 1514 1121 1570 et
1150 1504 1288 1570 universi
1317 1504 1402 1572 orbis
1433 1508 1575 1578 cardines

201 1613 384 1681 sceleratius
407 1609 528 1693 moliri,
558 1609 633 1699 quid
657 1611 689 1676 in
713 1609 816 1696 ipsum
841 1609 1003 1676 Christum
1033 1610 1162 1697 eiusque
1190 1611 1403 1678 sanctissimas
1431 1614 1575 1705 reliquias

201 1719 375 1787 immanius
399 1716 572 1805 excogitari
594 1728 734 1805 poterat,
758 1712 846 1804 quod
868 1737 936 1781 non
959 1713 1017 1796 illi,
1045 1716 1099 1803 qui
1122 1712 1326 1783 christianum
1350 1739 1473 1788 nomen
1496 1719 1575 1790 falso

201 1823 410 1914 profitentur,
439 1847 457 1891 a
485 1821 577 1890 nullis
605 1820 798 1889 abstinentes
826 1818 994 1889 sceleribus
1021 1819 1170 1888 ineffabili
1197 1845 1283 1889 nunc
1306 1825 1434 1892 saevitia
1463 1839 1494 1894 et
1517 1829 1575 1896 im·

201 1933 321 2020 pietate
351 1929 585 2018 superaverint?
631 1927 741 2017 Usque
773 1924 872 2010 adeo,
898 1945 943 2022 ³ut
977 1926 1221 1995 existimandum
1252 1931 1306 2012 sit,
1337 1930 1458 1998 Turcas
1488 1933 1575 2021 ipsos

201 2038 390 2126 neutiquam
413 2035 554 2123 potuisse
570 2032 731 2100 inoffenso
755 2033 863 2099 animo
886 2051 952 2100 tam
975 2032 1134 2100 horrenda
1148 2032 1289 2102 facinora
1312 2037 1476 2106 sustinere.
1512 2039 1575 2108 Sed

200 2165 329 2222 vereor,
353 2163 394 2208 ne
417 2141 449 2207 in
473 2141 652 2227 ingentium
675 2138 791 2206 horum
815 2137 972 2206 malorum
1003 2142 1314 2209 commemoratione
1338 2141 1486 2211 dolorem
1514 2147 1576 2214 iarn

199 2247 395 2338 praecordiis
419 2258 610 2334 conceptum
634 2246 767 2313 Vestrae
790 2245 899 2313 Rmae.
924 2245 1148 2312 Dominationi
1177 2257 1208 2314 et
1237 2247 1315 2314 mihi
1344 2271 1493 2335 augeam,
1523 2253 1576 2342 qui

200 2355 275 2423 licet
297 2354 396 2442 longe
424 2351 524 2420 absim
547 2375 565 2418 a
586 2351 742 2439 periculo,
770 2362 889 2418 tantam
912 2370 1020 2418 tamen
1042 2349 1263 2439 indignitatem
1287 2375 1353 2420 non
1377 2355 1439 2422 alio
1467 2359 1575 2425 animo

200 2461 281 2544 feru,
295 2481 392 2550 quam
408 2461 434 2526 si
450 2458 573 2527 Romae
590 2480 688 2545 agens
703 2458 879 2545 gravissimi
896 2456 1007 2524 excidii
1021 2458 1193 2524 extitissem
1204 2460 1368 2547 particeps.
1411 2461 1575 2547 Ceterum,

200 2567 295 2636 Rme.
327 2566 434 2647 Pater,
464 2566 498 2630 in
529 2564 587 2630 hac
617 2585 724 2631 rerum
761 2560 961 2630 acerbissima
993 2561 1174 2630 infelicitate
1204 2575 1389 2631 nostrorum
1425 2570 1572 2636 omniurn

202 2671 348 2740 officium
373 2693 443 2738 esse
465 2681 560 2758 put0,
588 2692 627 2736 ex
650 2668 788 2736 adversis
812 2666 1025 2751 successibus,
1054 2691 1135 2758 quos
1159 2670 1233 2736 Deo
1257 2671 1382 2759 auspice
1406 2674 1437 2739 in
1462 2674 1575 2743 melius

202 2777 375 2868 aliquando
399 2779 586 2845 immutatos
610 2776 647 2843 iri
671 2772 864 2843 credendum
889 2785 953 2857 est,
983 2773 1131 2842 fortiores
1156 2775 1421 2868 audentioresque
1449 2781 1575 2850 animos

201 2884 348 2964 induere,
372 2886 405 2950 in
429 2905 519 2952 causa
535 2883 719 2971 praesertim
735 2881 915 2963 iustissima,
939 2882 989 2947 cui
1013 2880 1172 2949 christiani
1188 2905 1303 2950 omnes
1325 2885 1493 2974 principes,
1515 2889 1576 2956 nisi

203 2990 395 3079 dignitatem
418 3011 454 3056 ac
469 2987 657 3076 religionem
675 2987 916 3055 ecclesiasticam
941 2988 1077 3054 omnino
1099 2989 1337 3056 exrerminatam
1361 2989 1469 3075 velint,
1493 2993 1576 3062 nulla

205 3097 427 3164 controversia
456 3093 591 3162 adfuturi
625 3111 708 3160 sunt.
759 3093 848 3161 Dum
883 3094 988 3182 itaque
1021 3105 1148 3182 accepta
1183 3096 1294 3162 iniuria
1330 3119 1442 3164 recens
1474 3097 1576 3168 adhuc

203 3204 319 3269 animis
341 3200 467 3283 residet,
491 3202 600 3267 omnia
623 3197 822 3287 experienda,
845 3197 982 3287 lapidem
1006 3221 1138 3266 omnem
1163 3199 1359 3268 movendum
1385 3226 1455 3272 esse
1471 3205 1576 3274 iudico

203 3306 245 3375 ad
268 3307 431 3394 sanguinis
455 3329 553 3396 usque
578 3304 778 3388 effusionem,
802 3317 836 3372 ut
852 3306 1017 3373 Romanae
1033 3305 1182 3374 ecclesiae
1199 3307 1467 3399 Apostolicaeque
1485 3310 1575 3380 Sedis

205 3413 377 3502 collapsam
410 3407 596 3500 dignitatem
627 3413 659 3478 in
691 3413 859 3499 pristinum
889 3408 1022 3499 gradum
1055 3434 1261 3495 revocemus,
1292 3425 1336 3481 ut=
1356 3414 1577 3503 languentibus

205 3517 359 3587 membris
381 3516 589 3585 indubitatum
608 3517 726 3587 Christi
748 3519 900 3585 vicariurn
923 3517 1220 3607 sanctissimumque
1244 3539 1336 3608 caput
1359 3544 1377 3588 a
1399 3534 1464 3589 tam
1484 3525 1578 3592 mise·

205 3624 303 3693 randa
332 3625 511 3712 captivitate
541 3631 743 3692 restituamus
776 3637 969 3713 nostrosque
999 3623 1110 3692 Rmos.
1141 3623 1315 3694 confratres
1349 3638 1415 3694 tam
1446 3631 1578 3717 turpiter

205 3729 360 3799 abductos
383 3731 544 3820 impieque
571 3743 719 3798 tractatos
747 3731 780 3797 in
809 3753 902 3797 suum
930 3741 1046 3798 statum
1074 3754 1263 3815 asseramus;
1296 3756 1356 3800 nec
1385 3733 1496 3817 vide0,
1524 3759 1579 3803 cur

204 3852 272 3906 tam
295 3838 465 3926 repentino
489 3848 520 3905 et
542 3838 708 3925 inopinato
733 3836 818 3904 malo
841 3835 1084 3905 succumbentes
1108 3835 1278 3905 debeamus
1301 3861 1431 3926 prorsus
1453 3843 1579 3909 animos

207 3943 345 4012 deiicere
368 3966 404 4010 ac
428 3941 603 4025 dimittere,
633 3966 705 4010 curn
729 3941 815 4009 mille
838 3941 940 4010 adhuc
969 3953 1077 4010 extent
1099 3941 1199 4025 modi,
1223 3943 1334 4032 quibus
1362 3947 1578 4014 saevissimam
1605 3991 1611 4000 .

206 4051 290 4118 hanc
322 4072 389 4116 uon
418 4048 511 4117 nobis
540 4048 661 4132 solum,
693 4047 750 4116 sed
777 4049 837 4137 ipsi
865 4048 994 4116 Christo
1027 4047 1144 4116 illatam
1172 4050 1400 4118 contumeliam
1427 4075 1579 4142 queamus

206 4156 369 4224 resarcire.
407 4156 446 4222 Et
469 4179 543 4223 cum
566 4157 774 4243 omnipotens
790 4155 878 4223 Deus
902 4178 919 4222 a
943 4154 1062 4223 scelere
1084 4166 1151 4222 tam
1173 4158 1273 4224 atroci
1289 4158 1437 4226 Vestram
1454 4160 1578 4228 Rmam.

206 4263 475 4330 Dominationem
500 4260 743 4350 compluresque
772 4260 849 4328 alios
878 4259 1051 4330 confratres
1079 4272 1208 4329 nostros
1236 4264 1386 4330 innoxios
1414 4286 1580 4332 conserva-

207 4369 300 4450 verit,
324 4367 443 4435 nullam
466 4366 612 4456 profecto
636 4367 727 4434 aliam
752 4365 794 4434 ob
818 4389 944 4434 causam
968 4365 1000 4434 id
1015 4365 1132 4435 factum
1157 4369 1410 4456 interpretamur,
1435 4393 1529 4459 quam
1546 4382 1581 4439 ut

207 4477 359 4564 pietatem
383 4485 524 4541 nostram
549 4474 737 4541 christianae
763 4471 909 4560 religioni
938 4490 970 4539 et
998 4471 1135 4540 debitam
1158 4473 1366 4542 Sanctissimo
1389 4475 1430 4543 D.
1455 4477 1495 4544 N.
1525 4475 1580 4545 ob-

206 4581 401 4650 servantiam
424 4603 520 4663 nunc,
544 4579 621 4646 dum
644 4579 782 4646 maxime
805 4600 856 4645 res
879 4590 986 4666 urget,
1016 4578 1120 4668 aliquo
1150 4578 1258 4648 officio
1287 4580 1579 4669 comprobaremus.

208 4687 389 4757 Communi
415 4688 521 4776 itaque
549 4709 585 4754 ac
613 4697 739 4754 maturo
768 4684 903 4752 consilio
932 4683 971 4752 de
999 4697 1047 4752 tot
1075 4685 1256 4773 reparandis
1285 4687 1389 4770 malis,
1419 4687 1459 4755 de
1486 4688 1581 4757 Sanc-

207 4794 335 4862 tissimo
374 4793 415 4861 D.
449 4793 508 4876 N.,
545 4793 613 4860 iure
645 4791 785 4882 quodam
824 4813 957 4859 suorum
990 4789 1193 4858 cardinalium
1226 4790 1323 4860 tidem
1357 4807 1450 4884 atque
1484 4817 1581 4885 opem

209 4891 416 4989 exposcente,
439 4897 617 4980 liberando,
641 4897 744 4987 deque
767 4921 823 4965 sua
846 4896 994 4966 ecclesiae
1019 4895 1171 4984 dignitate
1194 4900 1377 4984 asserenda,
1400 4901 1581 4990 priusquam

1452 5025 1475 5068 1.
