3810 5528
189 315 259 382 1528
278 314 346 386 Juni.

844 477 907 560 26.

294 615 473 684 Clemens
492 616 561 684 Vll.
586 639 625 684 an
650 615 798 684 Kardinnl
821 617 994 686 Farnese.
1041 617 1185 700 Viterbo,
1212 639 1239 704 3.
1263 619 1336 703 Juni
1364 619 1458 704 1528.

295 775 748 847 110111111111011151111111111111111111
769 775 881 848 Legaten
896 777 948 846 srtr
966 777 1009 829 die
1028 777 1100 830 stadt
1121 777 1184 832 Rom
1207 794 1241 830 on
1262 777 1337 830 Stelle
1357 777 1400 829 des
1420 776 1562 830 Kardirrals

189 863 358 934 Compeggio,
376 863 460 917 dessrn
481 865 601 934 Sendung
620 864 683 918 10011
701 864 824 936 Ertgland
841 883 893 918 von
913 865 1036 918 Heinrich
1053 865 1122 918 VIII.
1142 865 1270 936 dringmd
1286 864 1431 936 gewrtnsclrl
1449 865 1524 917 wird.

484 1003 663 1072 Venerabili
686 1003 771 1073 fratri
794 1005 977 1074 Alexandro
1002 1028 1095 1094 epp0.
1120 1005 1274 1074 Ostiensi.

295 1147 379 1213 Ven.
395 1145 432 1213 fr.
450 1169 481 1213 n.
498 1145 552 1213 sal.
592 1145 675 1214 Cum
700 1145 816 1214 indies
840 1149 941 1235 magis
964 1169 1134 1236 urgeamur
1156 1146 1194 1214 ab
1213 1145 1391 1214 oratoribus
1410 1146 1561 1213 carissimi

187 1254 220 1319 iu
238 1253 369 1321 Christo
393 1251 448 1319 filii
471 1254 570 1320 nostri
595 1253 724 1320 Henrici
740 1253 874 1341 Angliae
897 1255 981 1341 regis
1005 1252 1140 1335 illustris,
1165 1251 1237 1320 fidei
1257 1251 1443 1334 defensoris,
1467 1274 1561 1340 super

188 1359 287 1425 missu
313 1357 417 1426 dilecti
444 1357 498 1426 filii
523 1360 622 1426 nostri
646 1358 804 1426 Laurentii
829 1357 992 1426 cardinalis
1016 1358 1197 1448 Campegii,
1222 1381 1282 1426 nos
1306 1370 1339 1426 ut
1363 1359 1489 1425 interim
1513 1379 1561 1424 re-

187 1466 301 1554 gimini
330 1463 431 1533 almae
454 1464 538 1532 urbis
563 1477 689 1532 nostrae
714 1462 930 1548 consulamus,
961 1465 1126 1554 prudentia
1149 1477 1180 1533 et
1204 1466 1318 1532 virtute
1342 1465 1561 1552 Circumspec-

187 1572 286 1640 tionis
302 1570 393 1639 Tuae
418 1573 449 1637 in
467 1570 578 1640 eadem
602 1570 678 1640 urbe
702 1573 746 1639 uti
770 1571 916 1660 illamque
940 1571 1079 1658 legatum
1096 1583 1242 1640 nostrum
1267 1582 1298 1638 01
1320 1570 1413 1638 huius
1436 1582 1561 1637 sanctae

187 1677 273 1745 sedis
296 1677 372 1744 inibi
395 1677 510 1745 habere
534 1700 737 1765 cuperemus:
762 1679 866 1766 itaque
890 1678 947 1745 hac
972 1677 1011 1745 de
1035 1701 1125 1746 causa
1150 1677 1299 1745 dilectum
1323 1675 1424 1744 filium
1447 1678 1560 1743 Ansm.

188 1786 229 1851 de
257 1782 402 1872 Hispello
433 1784 639 1852 camerarium
669 1801 814 1851 nostrum
845 1782 883 1850 ad
911 1781 995 1850 illam
1026 1782 1217 1852 mittendum
1249 1781 1411 1864 duximus,
1442 1783 1470 1851 ei
1499 1782 1561 1849 hoc

188 1903 336 1959 nostrum
361 1889 552 1958 desiderium
577 1890 814 1978 explicaturum,
838 1893 918 1958 sicut
942 1915 979 1958 ex
1004 1914 1043 1958 00
1067 1889 1189 1979 plenius
1213 1889 1376 1977 intelliget.

296 2015 414 2082 Datum
438 2013 570 2082 Viterbii
596 2036 624 2101 3.
649 2015 728 2082 Iunii
757 2017 849 2100 1528.
895 2017 992 2082 Anno
1017 2016 1139 2104 quinto
1322 2100 1357 2168 Bl
1399 2102 1405 2114 ,

1359 2124 1455 2169 osrus.

403 2262 478 2316 Brev.
498 2262 561 2316 min.
581 2261 633 2316 vol.
655 2277 686 2316 22
706 2279 731 2316 n.
746 2260 806 2326 466.
843 2262 899 2316 1)οτ
914 2261 974 2334 Tag
992 2261 1039 2314 der
1057 2261 1220 2332 Emenoung
1239 2277 1295 2314 war
1314 2260 1355 2314 1111
1373 2259 1450 2314 beide
1469 2259 1561 2314 Kardi-

296 2350 355 2404 nile
376 2349 423 2404 der
441 2351 465 2404 8.
485 2351 545 2421 Juni
568 2351 641 2419 1528.
679 2349 719 2418 (S.
739 2359 821 2404 unteu
839 2350 881 2404 die
901 2350 968 2404 Acta
987 2349 1201 2418 consistorialis.)

849 2563 905 2648 tt.

383 2703 564 2772 Clemens
589 2704 658 2770 Vll.
706 2703 879 2772 Universis.
926 2703 1071 2786 Viterbo,
1101 2725 1147 2790 17.
1171 2703 1244 2788 Juni
1272 2704 1364 2788 1528.

295 2861 446 2933 Pa‘pstliches
462 2862 669 2917 Geleilschreilren
680 2863 731 2934 frtr
748 2862 881 2917 Gardiuer
898 2881 944 2932 qur
963 2863 1034 2916 Reise
1052 2863 1116 2917 nach
1134 2861 1252 2933 Venedig.

298 3003 380 3071 Cum
406 3001 537 3071 dilectus
565 3003 646 3072 filius
669 3003 846 3093 Stephanus
871 3002 1074 3086 Gardiuerus,
1098 3003 1297 3071 Serenissimi
1321 3004 1404 3091 regis
1427 3001 1561 3090 Angliae

189 3129 308 3191 orator,
332 3109 460 3178 anobis
484 3109 650 3180 discedens
667 3111 818 3178 Venetias
841 3108 1068 3199 proficiscatur,
1092 3133 1152 3176 nos
1168 3111 1221 3198 qui
1244 3110 1348 3198 ipsum
1364 3109 1559 3198 Stephanum

189 3212 256 3282 talis
280 3217 364 3303 regis
386 3239 557 3304 personam
581 3216 771 3286 referentem
799 3215 1026 3306 praeclarisque
1050 3214 1214 3283 virtutibus
1240 3227 1387 3284 ornatum
1412 3213 1560 3302 singulari

189 3331 220 3388 et
243 3322 409 3409 praeprua
433 3321 582 3390 charitate
606 3321 775 3408 diligimus,
800 3345 915 3390 omnes
939 3335 970 3392 et
993 3320 1136 3406 singulos
1161 3321 1324 3388 hortamur
1347 3322 1380 3388 111
1403 3321 1560 3402 Ι)01111110,

188 3425 320 3494 subditis
337 3451 414 3495 vero
430 3429 547 3496 nostris
570 3426 707 3496 mediate
722 3428 774 3495 vel
796 3428 979 3496 immediate
995 3427 1087 3496 nobis
1107 3425 1265 3509 subiectis
1288 3425 1559 3514 gubernatoribus,

188 3531 450 3616 locatenentibus,
473 3533 608 3621 populis,
633 3533 923 3617 communitatibus,
947 3532 1199 3602 universitatibus
1215 3534 1331 3600 virtute
1354 3544 1480 3600 sanctae
1504 3532 1559 3599 ob·

190 3636 344 3706 edientiae
374 3651 405 3707 et
432 3638 488 3706 sub
516 3661 621 3727 poena
648 3640 750 3707 nostri
777 3639 893 3708 arbitrii
920 3640 1141 3728 praecipimus,
1169 3650 1203 3707 ut
1230 3641 1333 3728 ipsum
1363 3637 1557 3727 Stephanum

189 3767 262 3812 cum
278 3743 428 3814 omnibus
451 3756 609 3834 quotquot
632 3743 747 3814 fuerint
770 3745 973 3814 servitoribus
996 3758 1028 3816 et
1044 3744 1212 3814 comitibus
1235 3747 1299 3812 suis
1322 3757 1387 3813 tam
1403 3744 1559 3834 equitibus

189 3873 283 3938 quam
307 3849 464 3938 peditibus
494 3874 622 3918 necnon
651 3851 758 3933 rebus,
782 3851 896 3920 valisiis
924 3877 980 3920 seu
1007 3853 1136 3920 sarcinis
1168 3853 1231 3920 suis
1260 3851 1498 3941 quibuscunque
1525 3853 1558 3918 in

188 3957 306 4024 nostris
334 3955 412 4025 locis
439 3955 577 4045 benigne
605 3975 698 4045 atque
725 3956 903 4026 honorilice
932 3959 1106 4048 suscipiatis
1134 3971 1165 4028 et
1188 3962 1336 4044 tractetis,
1366 3983 1426 4028 nec
1453 3958 1557 4026 solum

188 4085 244 4151 per
267 4063 334 4152 ipsa
356 4061 426 4130 loca
448 4082 557 4131 nostra
580 4086 690 4132 secure
714 4087 749 4132 ac
773 4063 868 4132 libere
892 4077 923 4132 et
946 4067 1015 4133 sine
1037 4065 1098 4134 ulla
1114 4065 1199 4149 datii,
1220 4065 1358 4154 gabellae
1381 4090 1437 4134 seu
1458 4067 1559 4133 cuius-

187 4171 235 4236 vis
257 4169 383 4237 alterius
406 4171 513 4236 oneris
540 4169 700 4238 solutione
724 4172 856 4238 transire
879 4173 1077 4259 permittatis,
1105 4170 1161 4239 sed
1185 4173 1281 4240 etiam
1309 4171 1348 4240 de
1371 4185 1476 4241 scorta
1502 4195 1558 4240 seu

189 4277 350 4342 comitissa
374 4287 405 4343 01
428 4274 676 4345 salvoconductu
701 4299 829 4344 necnon
853 4278 940 4365 equis
964 4290 997 4345 01
1018 4279 1137 4346 itineris
1161 4276 1301 4361 ducibus,
1327 4290 1445 4368 quota
1468 4277 1558 4346 vobis

189 4381 374 4470 requisierit,
398 4380 535 4468 benigne
552 4405 587 4449 ac
604 4401 751 4470 prompte
767 4381 969 4471 provideatis,
993 4381 1102 4453 facturi
1125 4385 1157 4450 in
1174 4407 1214 4452 eo
1231 4384 1324 4453 nobis
1346 4407 1414 4452 rem
1432 4407 1557 4452 summe

187 4499 318 4574 gratam.

294 4611 412 4678 Datum
429 4609 562 4678 Viterbii
586 4610 636 4678 die
664 4633 712 4700 17.
736 4612 817 4680 lunii
844 4615 936 4699 1528.
982 4635 1067 4681 anno
1092 4615 1214 4702 quinto.

398 4769 475 4824 Brev.
495 4771 558 4825 min.
578 4769 620 4826 Cl.
633 4769 691 4825 VII.
710 4771 763 4826 vol.
784 4786 816 4826 22
836 4790 860 4826 n.
880 4771 940 4837 488.
978 4771 1108 4826 Gardiuer
1129 4771 1210 4826 reiste
1233 4771 1280 4826 auf
1299 4771 1394 4826 Befehl
1416 4771 1557 4828 Heinrichs

295 4859 349 4912 und
366 4857 494 4931 Wolseys
517 4859 587 4913 nach
600 4859 734 4931 Venedig,
757 4877 803 4915 um
821 4859 880 4914 dort
904 4859 946 4914 die
965 4861 1109 4932 Ruclrgabe
1132 4859 1178 4914 der
1201 4860 1296 4916 beiden
1315 4861 1406 4917 Stidte
1428 4861 1557 4917 Ravenna

295 4946 347 5000 und
365 4947 462 5002 Cervia
484 4966 516 5002 zu
535 4948 665 5002 erwirlten
688 4948 740 5003 und
759 4947 875 5003 dadurch
893 4948 945 5003 den
964 4949 1044 5021 Papst
1066 4950 1206 5022 gunstiger
1227 4967 1259 5004 zu
1278 4952 1411 5006 stimmen.
1449 4952 1557 5006 Brewer
