3842 5532
187 319 256 378 Felix
277 341 330 378 von
349 325 429 378 Prato
447 322 512 378 tiber
530 320 571 378 die
592 323 686 394 papstl.
706 317 931 395 Dispensgewalt.
1493 309 1555 371 243

186 485 320 572 August.
344 505 438 570 super
455 481 572 549 Genes.
597 481 635 549 ad
659 482 794 549 literam:
820 481 920 562 Quod
942 481 1025 547 sanis
1050 492 1097 547 est
1121 480 1159 547 ad
1176 479 1329 563 officiunt,
1353 484 1492 568 aegrotis
1509 495 1556 549 est

186 588 223 656 ad
247 587 441 670 remedium,
474 586 640 654 infirmitas
666 589 751 654 enini
775 587 1035 669 incontinentiae,
1060 609 1140 675 quae
1165 587 1266 654 estin
1291 609 1384 654 carne
1407 610 1463 675 per
1486 610 1557 676 pec·

188 707 290 762 catum
316 707 451 774 mortua,
476 716 517 759 ne
541 692 631 761 cadat
654 695 686 760 in
714 694 837 760 ruinam
862 691 1071 780 flagitiorum,
1100 693 1252 781 excipitur
1282 693 1448 761 honestare
1479 717 1557 782 nup·
1602 687 1604 693 ’

187 803 310 867 riarum.
340 841 381 848 -
411 799 519 881 Quam
552 799 593 866 ob
618 821 743 866 causam
767 799 1008 866 matrimonium
1031 800 1151 865 sororis
1175 821 1248 866 curn
1271 798 1365 867 fratre
1394 800 1461 867 iure
1485 823 1557 888 pro-

188 905 311 973 hibetur
334 904 453 972 divino.
499 906 582 973 Nam
607 907 633 972 si
657 928 727 972 eam
756 906 787 971 in
818 905 1058 972 matrimonium
1082 924 1191 992 posset
1218 928 1393 988 assumere,
1423 929 1557 995 magnus

188 1013 463 1101 concupiscentiae
486 1010 686 1100 praeberetur
709 1010 820 1094 aditus,
845 1034 917 1078 curn
935 1008 1093 1078 eiusmodi
1115 1033 1267 1099 personas
1290 1013 1321 1077 in
1347 1035 1408 1080 una
1433 1011 1557 1080 eadem-

188 1141 249 1206 que
262 1129 431 1206 opporteat
454 1119 634 1185 conversari
651 1116 761 1184 domu.
801 1118 866 1185 Lex
880 1139 958 1204 ergo
980 1115 1084 1185 divina
1101 1116 1221 1185 nedum
1236 1129 1357 1206 patrem
1375 1131 1406 1186 et
1422 1130 1556 1186 matrem

189 1223 319 1296 exclusit
342 1248 360 1290 a
388 1225 609 1306 matrimoni0,
637 1245 748 1291 verum
779 1225 872 1291 etiarn
901 1221 974 1290 alias
1004 1225 1256 1311 consanguineas
1284 1245 1453 1310 personas,
1482 1247 1558 1312 quas

187 1342 296 1397 natura
321 1331 407 1417 cogit
430 1329 525 1397 simul
548 1329 702 1411 habitare,
730 1351 810 1417 quae
840 1330 936 1397 etiam
964 1342 1092 1397 naturae
1116 1331 1183 1396 iure
1211 1328 1405 1417 obligantur,
1433 1329 1558 1398 alterius

187 1435 282 1502 altera
304 1435 484 1524 pudicitiam
511 1435 689 1504 observare.
724 1435 843 1503 Omnis
860 1437 946 1502 enim
969 1454 1054 1503 recta
1070 1436 1183 1504 electio
1208 1434 1405 1524 possibilium
1429 1435 1474 1519 fit,
1492 1461 1558 1504 non

188 1540 440 1629 impossibilium.
477 1540 639 1609 Eiusmodi
657 1542 863 1608 matrimonio
880 1563 897 1607 a
916 1539 1025 1608 divino
1049 1543 1115 1608 iure
1131 1540 1287 1629 abnegato
1304 1543 1559 1631 concupiscentia

188 1648 350 1716 minuitur.
396 1647 534 1715 Alterius
557 1658 662 1715 autem
687 1646 769 1729 finis,
793 1647 856 1714 hoc
880 1660 911 1714 et
933 1645 1097 1735 augendae
1121 1648 1291 1730 amicitiae,
1320 1671 1336 1714 a
1359 1649 1426 1716 iure
1449 1671 1561 1737 proce·

189 1754 292 1822 dentis
323 1754 464 1822 humano
492 1753 543 1821 vel
573 1753 731 1822 Ecclesiae
763 1754 895 1836 statutis,
932 1752 1015 1820 nulla
1050 1765 1098 1822 est
1131 1753 1265 1820 Summo
1298 1775 1371 1820 cura
1401 1753 1559 1823 Pontifici.

189 1860 310 1927 Omnia
333 1882 409 1927 sane
432 1858 570 1928 subiecta
594 1871 667 1928 sunt
691 1861 728 1927 ei.

294 1966 353 2032 His
375 1965 551 2054 praelibatis
574 1964 614 2033 ad
637 1989 749 2033 eorum
772 1964 925 2033 solvenda
949 1964 1205 2055 conterendaque
1235 1966 1335 2034 iacula
1362 1966 1558 2036 accedamus.

189 2069 404 2154 Affirmantes,
428 2085 630 2161 praeceptum
647 2073 779 2140 [levitici
809 2073 844 2139 18
870 2071 947 2162 (16)
966 2084 996 2140 et
1020 2071 1145 2161 20(21)
1177 2073 1336 2162 antiquam
1361 2075 1494 2141 minime
1510 2073 1561 2141 ab·

190 2199 320 2265 rogasse
344 2176 621 2246 consuetudinem.
666 2177 796 2246 Nullam
820 2179 939 2246 etenim
962 2177 1043 2245 illius
1068 2179 1132 2266 egit
1156 2180 1374 2262 mentionem,
1406 2203 1465 2248 nec
1490 2204 1560 2248 eam

189 2282 380 2371 reprobavit,
408 2283 461 2351 ubi
484 2285 723 2352 matrimonium
753 2307 824 2352 curn
856 2307 968 2352 sorore
997 2283 1208 2373 undecunque
1239 2284 1374 2353 oriunda
1401 2286 1561 2375 prohibuit

189 2413 225 2456 ac
247 2391 391 2457 viventes
415 2413 542 2458 sorores
565 2389 659 2457 simul
679 2391 711 2456 in
736 2390 920 2477 coniugium
945 2413 1119 2472 assurnere;
1143 2411 1254 2457 verum
1280 2413 1350 2459 eam
1374 2391 1411 2458 ab
1444 2392 1558 2461 eodem

190 2494 369 2582 legislatore
394 2495 481 2578 De0,
509 2497 562 2586 qui
593 2519 660 2563 non
684 2509 718 2564 ut
746 2496 897 2568 homines,
924 2507 1024 2563 mutat
1052 2498 1243 2564 senteutiam
1276 2516 1313 2583 25
1347 2497 1403 2587 (5)
1428 2499 1558 2568 Deuter.

190 2600 394 2689 approbatam
419 2603 682 2692 contemplamur.
728 2603 798 2670 Nec
821 2601 1033 2691 dispensative
1049 2602 1165 2669 lactum
1190 2626 1207 2668 a
1227 2601 1365 2690 patribus
1382 2628 1561 2688 censemus,

192 2730 265 2774 curn
289 2707 372 2774 nulla
397 2710 463 2776 eius
486 2709 532 2775 rei
548 2707 660 2776 alicubi
676 2721 762 2777 extet
782 2707 974 2796 dispensatio
991 2720 1043 2776 aut
1062 2707 1254 2796 praecedens
1271 2732 1340 2776 eam
1357 2723 1562 2798 prosternens

191 2813 392 2896 mandatum,
422 2827 457 2882 ut
489 2814 568 2882 illius
598 2814 699 2904 possit
728 2815 789 2882 dici
823 2813 1031 2902 dispensatio,
1071 2837 1174 2903 neque
1206 2813 1438 2902 dispensatores
1471 2814 1561 2899 fiunt,

190 2942 295 3008 poena
318 2919 439 2988 adiecta
462 2920 583 2988 nolenti
607 2943 678 2988 earn
702 2921 815 3010 exequi
838 2941 912 2986 cum
935 2933 1116 3008 praecepto,
1140 2933 1174 2987 ut
1198 2921 1229 2987 in
1259 2933 1370 2988 nostro
1400 2923 1563 2990 intuemur

191 3027 356 3114 negotio.l
401 3026 621 3115 Contemplari
645 3028 746 3115 ipsam
765 3024 856 3093 liceat
877 3048 999 3093 sacram
1022 3026 1179 3115 paginam.
1225 3027 1280 3094 Ait
1296 3026 1452 3116 siquidem
1476 3027 1561 3096 idem

190 3131 352 3220 legislator
376 3131 493 3200 eodem
514 3133 615 3200 Levit.
637 3135 674 3200 18
694 3130 790 3222 (18):
815 3132 969 3200 Sororem
993 3134 1100 3200 uxoris
1125 3145 1197 3200 tuae
1220 3133 1252 3199 in
1276 3133 1453 3221 pellicatum
1482 3133 1562 3202 illius

192 3261 257 3306 non
282 3240 416 3326 accipies
440 3262 499 3306 nec
522 3237 673 3306 revelabis
697 3239 923 3325 turpitudinem
948 3239 1016 3306 eius
1039 3237 1141 3305 adhuc
1156 3238 1205 3305 illa
1221 3239 1357 3307 vivente.
1395 3239 1483 3322 Quid
1500 3254 1561 3310 est:

192 3344 293 3412 adhuc
317 3343 367 3410 illa
389 3346 535 3413 vivente?
569 3345 646 3412 Post
676 3345 757 3413 illius
781 3344 904 3412 obitum
929 3367 1047 3433 nempe
1071 3345 1123 3434 (ut
1144 3343 1252 3430 Judaei
1277 3344 1411 3436 faciunt)
1436 3369 1506 3415 eant
1530 3349 1562 3416 in

192 3473 325 3519 uxorem
350 3451 492 3540 accipias.
540 3450 662 3518 Volens
685 3452 822 3517 omnino
844 3450 1013 3539 prohibere
1037 3474 1235 3540 nequaquam
1264 3452 1460 3540 protulisset:
1498 3456 1563 3542 ipsa

191 3558 329 3625 vivente.
376 3556 574 3625 Conceditur
597 3558 701 3646 itaque
725 3557 815 3624 alicui
841 3556 917 3624 duas
940 3579 1078 3640 sorores,
1102 3557 1230 3625 alteram
1255 3577 1328 3645 post
1346 3558 1473 3627 alterius
1496 3559 1563 3628 obi-

192 3676 259 3732 tum
285 3665 317 3730 in
341 3663 582 3731 matrimonium
607 3662 732 3745 ducere,
757 3676 788 3731 et
810 3663 895 3730 fratri
917 3662 1026 3730 itidem
1051 3686 1131 3730 uxor
1154 3666 1348 3751 praemortui
1370 3664 1471 3733 fratris
1494 3668 1563 3734 sine

193 3769 298 3839 liberis
327 3771 463 3837 omnino
498 3769 693 3838 conceditur.
740 3769 857 3836 Eadem
888 3771 972 3836 enim
1004 3781 1131 3858 apparet
1159 3771 1248 3836 rati0.
1295 3770 1440 3839 Eundem
1470 3775 1564 3840 etiam

192 3888 315 3945 textum
346 3875 491 3943 Hebraici
530 3877 688 3943 sermonis
720 3899 788 3942 rem
826 3894 969 3942 nostram
1002 3874 1211 3944 declarantem
1243 3876 1386 3945 advertas
1421 3877 1564 3946 obsecro

196 3982 338 4049 Uxorem
371 3981 472 4050 fratris
507 3983 555 4048 sui
588 4005 686 4049 nemo
727 3983 872 4070 accipiat,
908 3999 942 4048 ut
974 3980 1133 4069 profluvio
1161 3984 1323 4070 sanguinis
1351 3982 1465 4052 infecta
1493 3995 1573 4052 cen-'

194 4106 308 4156 seatur.
363 4088 430 4156 Cur
466 4090 522 4156 ait:
568 4099 603 4156 ut
638 4086 797 4176 profluvio
832 4089 994 4174 sanguinis
1026 4086 1159 4156 inlecta?
1210 4088 1261 4156 Ad
1293 4101 1418 4178 tempus
1451 4092 1566 4179 quippe

194 4193 328 4282 polluta,
365 4212 399 4261 ut
435 4192 550 4262 infecta
587 4205 753 4261 menstruo
787 4192 826 4260 ad
860 4212 985 4280 tempus
1020 4205 1051 4261 et
1084 4194 1251 4282 prohibita,
1285 4193 1361 4262 dum
1394 4193 1489 4264 irater
1522 4199 1567 4264 vi-

194 4297 310 4368 delicet
345 4300 430 4389 (eius
467 4299 606 4367 mulieris
642 4298 705 4389 vir)
743 4299 818 4366 vivit
857 4298 907 4366 vel
948 4321 1021 4366 cum
1055 4299 1144 4389 prole
1176 4300 1299 4370 obierit.
1353 4302 1418 4370 Cur
1446 4321 1566 4371 autem:

304 4539 310 4569 ¹
330 4531 387 4585 Das
406 4528 492 4598 heisst,
512 4529 559 4583 der
577 4529 717 4584 Gebrauch
738 4530 773 4582 ini
793 4529 863 4582 alten
884 4529 1066 4595 Testamente,
1086 4529 1141 4583 dass
1161 4530 1208 4584 der
1227 4531 1325 4586 Bruder
1344 4533 1385 4586 die
1402 4533 1502 4588 Witwe
1521 4535 1570 4588 des

196 4601 328 4656 kinderlos
348 4601 539 4655 verstorbenen
558 4600 671 4654 Bruders
690 4600 827 4667 heiratete,
847 4617 903 4654 urar
921 4599 980 4653 hein
1001 4599 1095 4667 Induit,
1119 4600 1235 4654 sondern
1254 4603 1296 4656 ein
1316 4600 1419 4669 Gebot;
1447 4604 1568 4658 dasselbe

151 4721 154 4728 .
197 4671 288 4727 wurde
312 4680 389 4726 unter
412 4672 473 4725 sehr
496 4669 702 4742 empfindlichen
725 4669 828 4724 Strasen
854 4669 1033 4741 eingeschairft
1052 4670 1175 4740 (Deuter.
1195 4686 1236 4739 25,
1257 4674 1365 4743 7-10),
1389 4673 1441 4726 und
1464 4673 1520 4728 dass
1540 4693 1568 4728 es

196 4743 258 4797 sehr
276 4743 467 4813 unangenehm
484 4741 594 4796 werden
612 4741 719 4807 lronnte,
739 4740 822 4794 seben
841 4743 891 4795 wir
910 4759 942 4795 an
962 4739 1023 4794 dem
1043 4739 1174 4812 Reispiele
1193 4741 1240 4795 des
1260 4741 1348 4811 Onan,
1368 4741 1466 4801 Genes.
1485 4745 1523 4814 38,
1561 4791 1568 4812 ,

197 4813 248 4868 und
267 4813 315 4867 des
334 4812 447 4866 Bruders
467 4829 520 4867 von
539 4812 612 4865 Booz
631 4811 716 4880 (Ruth
734 4826 758 4878 4,
778 4810 816 4880 6),
835 4811 939 4866 welche
964 4811 1040 4866 beide
1059 4811 1141 4864 davor
1160 4813 1427 4882 zuruclrschreckten,
1452 4814 1507 4869 dass
1526 4814 1569 4870 dre

197 4883 297 4939 llinder
319 4900 373 4938 aus·
386 4882 472 4937 dieser
491 4882 548 4937 Ehe
571 4883 620 4936 mit
638 4882 685 4936 der
697 4881 799 4936 'Witwe
822 4882 895 4936 nicht
919 4882 956 4936 als
980 4882 1036 4936 ihre
1056 4883 1183 4952 eigenen,
1209 4883 1325 4937 sondern
1347 4885 1385 4939 als
1405 4885 1505 4940 Kinder
1523 4886 1569 4940 des

198 4955 389 5023 verstorbenen
409 4952 522 5008 Bruders
541 4971 572 5006 zu
592 4952 682 5024 gelten
701 4951 800 5006 hatten.

1415 5063 1451 5105 tt·
