3850 5534
304 271 346 332 24
1501 271 1585 370 'April
1605 291 1671 360 1528

408 444 447 512 Et
469 443 542 512 licet
569 447 601 512 in
625 446 705 514 libro
728 472 784 536 per
810 473 922 538 regem
950 451 1038 520 edito
1066 451 1260 534 discutiattu,
1286 475 1327 518 an
1354 475 1411 540 per
1432 453 1548 539 Papam
1576 473 1670 539 super

303 550 365 616 isto
393 550 625 638 impedimento
653 553 826 642 dispensari
853 559 969 645 possit,
999 571 1032 626 et
1057 557 1199 625 diversae
1226 559 1396 646 opiniones
1422 557 1592 624 doctorum
1620 579 1668 623 re·

302 657 471 742 periantru,
500 659 630 748 ipseque
657 683 713 728 res
739 661 907 732 adhaereat
933 666 1079 753 opinioni
1109 666 1303 746 tenentium,
1333 663 1421 753 quod
1447 663 1537 730 liceat
1564 663 1665 750 Papae

302 785 396 850 snper
426 763 488 831 hoc
511 764 708 853 dispensare,
738 783 883 838 remanet
910 770 1093 853 difficultas,
1121 773 1148 838 si
1171 771 1343 859 reperiatur
1364 768 1556 857 dispensatio
1579 767 1667 850 fam,

301 891 382 956 quae
404 871 625 959 praetendatur
648 898 686 940 en
710 879 803 943 certis
826 879 927 944 causis
956 877 1139 967 subreptitia
1161 896 1194 945 et
1215 875 1392 966 obreptitia.
1438 875 1511 942 Hoc
1533 897 1620 956 casu,
1642 875 1668 940 si

302 995 408 1043 essent
431 978 507 1045 tales
529 1001 652 1063 causae,
674 1005 755 1071 quae
778 982 947 1052 redderent
968 985 1087 1052 litteras
1109 983 1307 1071 subreptitias
1331 995 1363 1049 et
1384 980 1494 1062 nullas,
1517 979 1591 1048 nulli
1613 978 1668 1047 du-

301 1079 400 1164 bium,
423 1083 510 1172 quod
534 1088 775 1156 matrimonium
798 1089 879 1156 illius
895 1092 1007 1178 vigore
1029 1090 1232 1157 subsecutum
1256 1089 1365 1156 finisset
1383 1101 1415 1155 ct
1433 1099 1517 1156 esset
1539 1085 1668 1154 nullum.

407 1189 470 1256 Sed
493 1205 637 1260 remanet
660 1193 841 1278 difficultas,
868 1221 949 1286 quae
972 1209 1019 1264 est
1042 1195 1211 1284 diligenter
1238 1192 1460 1274 examinanda,
1485 1215 1525 1258 an
1549 1215 1668 1273 musae,

300 1317 378 1382 quas
398 1319 452 1362 rea
476 1298 653 1384 praetendit
676 1298 716 1368 de
731 1302 798 1368 iure
822 1327 892 1370 esse
913 1302 1108 1372 sufficientes
1130 1301 1169 1369 ad
1185 1299 1384 1369 reddendum
1407 1299 1524 1390 litteras
1546 1297 1669 1386 dispen-

302 1401 432 1468 sationis
455 1403 663 1491 subreptitias,
687 1419 718 1474 et
740 1432 817 1497 quas
841 1411 919 1497 petit
936 1433 955 1476 a
972 1410 1143 1476 Sanctitate
1159 1409 1273 1476 Vestra
1295 1406 1459 1496 approbari
1479 1403 1668 1472 sufficientes

302 1526 333 1572 et
356 1506 460 1574 solum
478 1513 637 1579 committi
657 1512 820 1596 iudicibus,
844 1527 878 1582 ut
893 1517 919 1581 si
936 1517 981 1581 eis
1004 1516 1192 1595 constiterit,
1215 1514 1281 1581 illas
1303 1535 1489 1593 asseveras,
1512 1509 1668 1578 declarent

301 1611 419 1680 litteras
447 1615 528 1703 ipsas
557 1618 754 1708 subreptitias
783 1633 815 1688 et
838 1621 938 1688 nullas
966 1645 1003 1690 ac
1033 1621 1275 1688 matrimonium
1305 1619 1425 1687 illarum
1453 1618 1564 1706 vigore
1593 1637 1669 1684 con·

301 1731 434 1787 tractum
460 1721 580 1790 nullum
605 1724 684 1792 fore.

406 1825 442 1892 ln
466 1827 529 1896 hoc
552 1833 698 1926 consistit
720 1845 787 1901 tota
811 1833 976 1902 difficultas
1000 1846 1032 1901 et
1056 1834 1162 1901 honor
1177 1833 1355 1900 Sanctitatis
1371 1832 1503 1898 Vestrae
1527 1842 1559 1898 et
1580 1828 1669 1897 Sedis

301 1932 515 2018 Apostolicae.
562 1936 716 2005 Dicebam
740 1941 843 2022 enim,
866 1940 954 2029 quod
978 1942 1010 2008 in
1033 1939 1208 2007 canonibus
1231 1938 1439 2006 determinate
1462 1949 1493 2004 et
1515 1935 1597 2005 clare
1620 1960 1670 2003 er·

300 2060 443 2125 pressum
468 2043 632 2128 reperitur,
656 2045 743 2134 quod
766 2048 960 2114 taciturnitas
982 2046 1160 2136 aliquorum
1184 2043 1381 2126 defectuum,
1409 2055 1443 2110 ut
1465 2054 1540 2131 puta
1562 2043 1670 2110 aetatis

302 2143 350 2210 vel
382 2145 548 2228 natalium,
577 2173 714 2238 quorum
747 2153 940 2220 taciturnitas
973 2153 1005 2219 in
1038 2151 1148 2220 litteris
1180 2151 1410 2240 impetrationis
1441 2145 1668 2216 beneficiorum

302 2249 586 2321 ecclesiasticorum
610 2255 714 2324 reddit
738 2257 854 2326 litteras
877 2257 1066 2346 apostolicas
1089 2259 1159 2347 ipso
1183 2259 1250 2325 iure
1273 2257 1389 2338 nullas;
1421 2254 1523 2344 aliqua
1537 2275 1615 2322 vero
1638 2253 1669 2318 in

302 2357 376 2444 ipsis
392 2356 502 2424 litteris
517 2361 745 2448 exprimuntur,
758 2387 837 2454 quae
852 2388 918 2432 non
936 2367 1134 2453 reperiuntur
1146 2388 1293 2453 expresse
1308 2361 1461 2430 declarata
1477 2383 1533 2448 per
1543 2360 1670 2447 Papam,

302 2461 389 2551 quod
417 2462 567 2534 inducant
594 2471 844 2556 surreptionem,
873 2483 904 2538 et
926 2483 1002 2538 tunc
1025 2470 1186 2538 auditores
1214 2481 1245 2536 et
1268 2467 1317 2534 alii
1347 2465 1466 2534 iudices
1490 2463 1605 2534 habent
1627 2465 1671 2530 vi-

303 2565 393 2650 dere,
421 2571 446 2635 si
469 2572 531 2640 sint
559 2572 651 2656 tales,
679 2599 760 2664 quae
786 2577 949 2664 potuerint
976 2575 1126 2644 inducere
1149 2576 1265 2664 Papam
1293 2573 1333 2641 ad
1355 2570 1599 2640 concedendum
1622 2570 1670 2638 vel

302 2672 342 2741 ad
372 2673 607 2764 denegandum.
653 2682 691 2748 Et
723 2694 890 2772 propterea
922 2682 960 2750 ad
993 2683 1193 2771 propositum
1226 2681 1399 2748 litterarum
1432 2677 1675 2766 dispensationis

307 2779 488 2848 huiusmodi
512 2802 559 2850 est
576 2783 820 2868 discutiendum,
843 2811 882 2854 an
907 2789 985 2856 istae
1000 2812 1111 2856 causae
1133 2786 1314 2856 induxerint
1332 2786 1382 2854 vel
1405 2809 1473 2854 non
1497 2782 1676 2851 induxerint

308 2883 421 2952 lulium
449 2887 639 2957 Pontificem
669 2890 709 2958 ad
739 2893 982 2962 concedendum
1014 2893 1129 2962 dictam
1160 2893 1440 2982 dispensationem.
1486 2891 1524 2958 Et
1553 2891 1580 2957 si
1609 2887 1675 2955 illae

309 3013 420 3058 causae
444 3016 608 3082 expressae
627 2997 678 3064 vel
701 2998 821 3066 illarum
845 2999 959 3067 falsitas
982 3002 1045 3068 sint
1068 2999 1261 3067 sufficientes
1283 2999 1323 3067 ad
1345 2996 1543 3066 reddendum
1562 2994 1677 3063 litteras

309 3095 553 3185 dispensationis
581 3102 680 3170 nullas
709 3117 739 3172 et
763 3106 923 3188 invalidas,
951 3105 1038 3197 quod
1067 3117 1190 3194 poterat
1212 3104 1312 3173 videri
1339 3129 1377 3172 ex
1404 3103 1579 3171 canonibus
1607 3101 1678 3168 hac-

310 3213 403 3269 tenus
426 3204 528 3289 editis,
551 3211 605 3296 qui
628 3211 660 3275 in
684 3213 785 3278 causis
813 3212 1096 3280 matrimonialibus
1125 3231 1199 3279 sunt
1221 3210 1420 3292 attendendi,
1449 3222 1481 3278 et
1502 3204 1677 3275 secundum

311 3331 367 3375 eos
385 3322 432 3377 est
454 3311 655 3381 iudicandum
680 3329 767 3384 etex
787 3317 846 3385 illis
869 3331 976 3407 potest
991 3317 1071 3399 elici,
1093 3341 1134 3384 an
1150 3316 1252 3385 dictae
1276 3340 1387 3384 causae
1402 3317 1465 3384 sint
1487 3313 1679 3382 sufficientes

310 3413 349 3481 ad
372 3411 584 3487 induc'endam
608 3421 846 3510 subreptionem
871 3423 1024 3494 dictarum
1047 3424 1231 3491 litterarum.

416 3524 455 3591 Et
470 3527 541 3614 quia
558 3551 575 3593 a
591 3527 761 3597 Sanctitate
774 3531 888 3598 Vestra
912 3532 943 3598 in
960 3529 1042 3597 dicta
1065 3529 1295 3596 commissione
1315 3527 1454 3616 praecise
1470 3537 1592 3614 petunt,
1615 3523 1680 3592 illas

309 3627 460 3696 declarari
486 3630 679 3701 sufficientes
706 3633 745 3702 ad
775 3635 988 3704 inducendam
1018 3635 1192 3704 nullitatem
1222 3635 1396 3703 litterarum
1425 3631 1680 3721 dispensationis,

312 3746 342 3801 et
365 3735 469 3802 solum
495 3737 635 3806 mandari
660 3740 823 3824 iudicibus,
848 3755 881 3809 nt
897 3745 1089 3825 examinent,
1113 3743 1138 3808 si
1154 3743 1216 3808 sint
1235 3763 1328 3808 verae
1351 3738 1400 3806 vel
1419 3762 1504 3820 nou3
1528 3749 1560 3804 et
1576 3734 1682 3826 quoad

312 3839 374 3906 hoc
404 3839 564 3910 dicebatur
593 3845 653 3911 eis:
684 3848 709 3912 si
738 3847 891 3915 Sanctitas
916 3849 1029 3915 Vestra
1056 3848 1121 3914 hoc
1149 3845 1337 3926 declarabat,
1368 3856 1400 3912 et
1427 3843 1468 3911 de
1497 3843 1565 3910 iure
1594 3841 1682 3908 aliter

313 3957 396 4012 esset
418 3959 450 4013 et
472 3970 528 4036 per
549 3949 791 4038 appellationem
815 3977 871 4020 seu
894 3953 967 4020 alias
990 3977 1084 4042 super
1106 3954 1238 4020 veritate
1260 3949 1479 4018 declarationis
1503 3948 1682 4016 Sanctitatis

312 4051 446 4119 Vestrae
475 4053 683 4124 discuteretur
706 4079 737 4124 et
760 4057 800 4125 de
826 4061 907 4126 iure·
924 4061 1117 4126 contrarium
1146 4070 1243 4139 esset,
1271 4056 1360 4146 quod
1387 4054 1498 4124 eadem
1528 4054 1682 4122 Sanctitas

313 4159 427 4226 Vestra
450 4158 632 4244 declaravit,¹
653 4163 807 4232 Sanctitas
822 4165 937 4232 Vestra
963 4163 1001 4230 ab
1024 4165 1173 4232 omnibus
1201 4163 1388 4232 laceraretur
1415 4183 1446 4230 et
1470 4160 1683 4242 damnaretur,

313 4283 345 4332 et
361 4287 416 4352 per
429 4265 491 4332 hoc
507 4265 765 4336 scandalizaretur
780 4281 867 4337 totus
884 4270 1033 4352 mundus,
1047 4282 1079 4337 et
1094 4283 1294 4337 revocaretur
1305 4271 1417 4356 vigore
1433 4267 1684 4347 commissionis,

313 4393 408 4458 quam
439 4371 593 4439 Sanctitas
619 4374 733 4442 Vestra
763 4387 873 4443 contra
902 4375 1148 4444 declarationem
1177 4399 1267 4443 suam
1297 4375 1422 4462 signare
1453 4385 1624 4461 cogeretur
1651 4373 1683 4439 in

313 4477 472 4562 signatura
488 4477 632 4546 iustitiae.
672 4480 853 4562 Adducens,
877 4480 965 4572 quod
980 4481 1105 4549 Felinus
1128 4483 1160 4548 in
1177 4505 1244 4570 cap.
1283 4481 1328 4548 Es
1345 4492 1431 4568 parte
1455 4478 1495 4546 de
1511 4479 1686 4567 rescriptis¹

314 4579 399 4663 dicit,
423 4581 510 4670 quod
533 4584 586 4651 ubi
602 4587 684 4673 Papa
706 4586 845 4670 mandat,
868 4611 964 4677 quem
980 4588 1093 4674 privari
1116 4585 1272 4655 beneficio
1288 4598 1418 4675 propter
1441 4587 1574 4667 crimen,
1597 4582 1685 4674 quod

314 4717 522 4728 -—--—...

356 4845 362 4856 ¹
385 4845 390 4857 ¹
421 4783 431 4813 ¹
454 4776 560 4858 Decret.
583 4778 665 4849 Greg.
691 4779 737 4833 tx.
762 4779 806 4833 lib.
831 4780 851 4834 Ι.
877 4789 905 4834 tt.
931 4780 977 4834 lll.
1002 4799 1024 4835 c.
1049 4795 1073 4835 2.
1111 4771 1184 4836 Uber
1207 4779 1314 4864 Pelinna
1338 4779 1458 4833 Sandeus
1483 4777 1567 4850 vergl.
1591 4779 1688 4903 Georp

314 4843 436 4916 Phillrps,
456 4846 661 4914 Karchenrecht,
680 4851 727 4904 Bd
746 4863 776 4916 a,
795 4849 821 4904 S.
842 4865 900 4922 339,
919 4851 999 4905 Anna.
1018 4851 1060 4906 86.
1097 4851 1218 4917 Schulte,
1240 4851 1292 4904 Dte
1310 4850 1410 4905 Gescb.
1429 4849 1477 4903 der
1494 4849 1614 4913 Quellen
1633 4867 1669 4904 uu

315 4911 456 4969 Litteratur
474 4917 522 4970 des
540 4919 721 4974 kanonischen
740 4920 865 4974 Rechtes.
901 4921 934 4975 11.
958 4936 1015 4990 350.
