3842 5532
198 337 302 407 Anglici
321 339 431 398 articuli,
1504 328 1565 389 217

197 507 259 563 tam
284 495 394 565 debilis
418 497 624 590 infirmaeque
647 524 683 568 ac
706 499 856 570 delicatae
880 501 1111 591 complexionis
1138 514 1169 570 et
1193 513 1320 569 naturae
1344 499 1417 582 fuit,
1442 511 1475 567 ut
1499 523 1568 566 orn·

197 604 282 670 nium
300 604 417 672 iudicio
434 605 609 689 haberetur,
633 619 793 676 teneretur
810 621 840 676 et
857 619 1053 697 reputaretur
1075 608 1236 697 impotens
1253 607 1291 674 ad
1308 605 1567 694 cognoscendam

197 707 329 798 aliquam
358 711 522 779 mulierem
552 713 724 781 carnaliter.
771 715 809 781 Et
837 727 1004 804 propterea
1028 715 1173 782 onmium
1206 715 1300 782 etiam
1332 713 1448 780 iudicio
1477 736 1568 801 repu-

197 826 295 881 tatum
315 815 382 898 luit,
405 818 492 906 quod
517 819 757 886 matrimonium
777 820 890 887 carnali
916 819 1028 908 copula
1048 837 1306 888 consummatum
1331 842 1397 885 non
1422 817 1523 885 luerit.

301 922 392 990 Circa
416 924 478 991 hoc
494 925 631 1012 primum
656 945 879 1014 argumentum
896 938 1005 1014 posset
1022 925 1093 1008 dici,
1117 926 1203 1015 quod
1228 925 1335 1013 regina
1359 925 1392 990 in
1417 923 1568 992 mandato

195 1025 276 1113 apud
301 1039 367 1094 acta
391 1029 547 1116 producto
572 1029 694 1113 fatetur,
723 1031 810 1120 quod
833 1034 967 1100 Arturus
990 1032 1088 1120 pubes
1113 1034 1210 1100 etsie
1235 1030 1411 1120 completae
1441 1031 1569 1098 aetatis¹

195 1131 345 1220 puberem
370 1139 512 1222 reginam
536 1137 624 1206 duxit
647 1140 678 1205 in
696 1161 839 1207 uxorem.
886 1139 1013 1208 Fatetur
1036 1140 1130 1210 etiam
1155 1141 1186 1205 in
1204 1137 1318 1207 eodem
1345 1135 1494 1204 mandato
1519 1159 1567 1204 re-

194 1240 277 1326 gina,
302 1239 389 1329 quod
412 1242 505 1310 simul
529 1266 584 1332 per
603 1245 718 1334 aliquas
744 1257 855 1312 noctes
872 1244 1105 1327 dormierunt²;
1134 1245 1199 1312 iura
1223 1256 1328 1312 autern
1352 1254 1568 1331 praesumunt,

196 1369 234 1412 eo
258 1347 340 1434 ipso,
365 1347 450 1436 quod
475 1350 543 1437 quis
568 1361 615 1418 est
638 1349 746 1438 pubes,
769 1349 855 1441 quod
880 1353 918 1418 sit
942 1363 1057 1440 potens
1081 1349 1119 1418 ad
1143 1349 1384 1438 cognoscendas
1409 1348 1568 1430 mulieres,

196 1452 270 1518 item
296 1467 510 1540 praesumunt,
535 1454 622 1544 quod
645 1457 671 1522 si
688 1457 809 1524 iuvenis
833 1481 905 1524 cum
931 1456 1033 1545 puella
1049 1456 1223 1539 dormierit,
1247 1454 1334 1544 quod
1351 1479 1420 1521 eam
1446 1477 1567 1541 cogno-

195 1559 273 1626 verit
297 1559 469 1628 carnaliter.
516 1561 584 1629 Nec
609 1560 658 1629 lex
682 1575 884 1630 contentatur
907 1587 963 1651 per
986 1575 1148 1651 aspectum
1173 1561 1277 1643 faciei,
1310 1561 1382 1651 quia
1404 1559 1473 1627 talis
1497 1582 1569 1648 pro-

196 1661 278 1732 batio
296 1676 343 1732 est
359 1667 454 1733 nimis
470 1665 569 1750 fallax,
595 1681 625 1736 et
649 1670 714 1736 iura
731 1669 842 1736 volunt
857 1670 1006 1756 virgines,
1031 1692 1111 1759 quae
1128 1681 1256 1756 negant,
1280 1691 1314 1734 se
1330 1690 1400 1734 esse
1424 1667 1569 1754 cognitas

196 1793 212 1835 a
235 1771 363 1852 maritis,
387 1773 499 1861 inspici
522 1771 636 1841 debere
659 1797 715 1862 per
731 1787 891 1842 matronas
916 1776 1030 1863 peritas
1054 1786 1086 1843 et
1102 1776 1262 1856 honestas,
1286 1797 1325 1841 an
1346 1775 1410 1840 sint
1433 1785 1568 1861 apertae,

197 1887 226 1942 et
240 1877 298 1942 viri
321 1878 508 1965 impotestas
531 1902 586 1946 seu
606 1878 757 1966 frigiditas
782 1904 848 1948 non
865 1880 1014 1968 probatur
1037 1903 1092 1969 per
1111 1880 1267 1968 publicam
1292 1878 1408 1947 famam
1433 1892 1464 1947 et
1481 1902 1568 1946 com-

197 2003 324 2049 munem
350 1984 549 2070 opinionem,
573 1984 630 2052 sed
652 2009 708 2074 per
731 1985 789 2053 alia
812 1987 925 2054 media.

298 2088 448 2157 Secundo
481 2090 519 2158 ad
552 2091 747 2179 probandam
780 2094 992 2180 virginitatem
1027 2091 1156 2160 adduxit
1188 2094 1295 2180 regina
1329 2091 1566 2159 confessionem

195 2193 315 2277 Arturi,
344 2218 423 2284 quae
447 2196 596 2284 probatur
619 2221 675 2286 per
697 2209 762 2266 tres
789 2209 886 2266 testes
916 2198 955 2267 de
978 2197 1085 2266 auditu
1115 2197 1152 2266 ab
1175 2198 1234 2281 his,
1263 2199 1316 2288 qui
1340 2197 1506 2265 audierunt
1530 2221 1568 2264 ex

195 2322 249 2367 ore
271 2303 389 2369 Artori.
432 2302 524 2370 Circa
547 2302 609 2370 hoc
632 2303 874 2372 fundamentum
898 2314 1007 2392 posset
1030 2304 1101 2386 dici,
1126 2303 1213 2394 quod
1237 2304 1308 2371 licet
1332 2315 1428 2372 testes
1451 2302 1491 2370 de
1515 2327 1567 2370 au-

195 2405 258 2473 ditu
287 2408 419 2496 proprio
448 2407 597 2497 probent,
621 2422 728 2477 tamen
757 2408 796 2477 de
820 2408 926 2478 auditu
954 2411 1070 2493 alienu,
1101 2422 1136 2477 ut
1166 2421 1212 2477 est
1241 2411 1273 2476 in
1298 2433 1371 2478 casu
1399 2410 1472 2491 istu,
1500 2432 1568 2477 non

194 2511 338 2598 probant.
384 2513 549 2582 Praeterea
578 2517 701 2583 etiarnsi
728 2528 825 2584 testes
849 2516 991 2585 dicerent
1014 2516 1054 2585 de
1078 2515 1185 2584 auditu
1212 2517 1354 2604 propriu,
1382 2535 1489 2583 tamen
1518 2515 1568 2582 isti

193 2629 289 2686 testes
312 2619 460 2688 videntur
483 2621 666 2709 singulares
691 2641 723 2690 et
745 2634 841 2690 testes
864 2622 1038 2710 singulares
1062 2646 1129 2690 non
1152 2621 1297 2710 probant.

298 2724 413 2793 Tertio
445 2725 557 2794 dicitur
587 2729 696 2816 regina
725 2728 858 2817 probare
881 2730 1094 2816 virginitatem
1125 2752 1181 2817 per
1210 2727 1447 2796 confessionem
1479 2751 1567 2794 suain

192 2853 247 2918 per
263 2855 320 2899 sex
335 2843 442 2899 testes.
482 2835 594 2901 Posset
611 2833 681 2917 dici,
706 2833 793 2923 quod
814 2847 887 2902 sunt
903 2835 1087 2922 singulares,
1111 2847 1196 2902 etex
1214 2833 1345 2903 testibus
1361 2833 1569 2921 singularibus

192 2948 315 3004 tanturn
340 2938 452 3027 probat
476 2964 567 3021 unus,
597 2951 749 3029 quantum
773 2939 885 3009 mille.⁸
930 2942 1095 3009 Praeterea
1118 2940 1247 3030 quando
1271 2940 1442 3028 probarent
1465 2940 1568 3028 plene,

194 3041 275 3111 dicta
305 3043 465 3112 confessio
495 3066 577 3113 esset
607 3045 859 3128 extraiudicialis,
888 3059 974 3135 parte
1005 3046 1134 3115 absente
1163 3059 1194 3114 et
1222 3048 1290 3114 sine
1319 3048 1509 3128 iurament0,
1539 3057 1569 3112 et

194 3161 362 3238 propterea
386 3149 520 3233 videtur,
544 3151 632 3241 quod
655 3151 748 3240 plene
773 3177 840 3220 non
863 3153 986 3242 probet.

300 3255 426 3337 Quarto
455 3259 563 3324 nititur
591 3257 723 3346 probare
752 3259 964 3346 virginitatem
998 3283 1035 3326 ex
1065 3257 1267 3326 confessione
1294 3259 1425 3326 Henrici
1456 3259 1568 3325 octavi.

194 3361 286 3428 Circa
311 3363 444 3430 eandem
463 3362 699 3431 confessionem
723 3366 846 3453 possint
869 3365 981 3433 eadem
1001 3365 1072 3446 dici,
1096 3387 1176 3452 quae
1193 3362 1276 3431 dicta
1298 3375 1372 3432 sunt
1388 3365 1468 3431 circa
1492 3385 1569 3430 con-

194 3466 368 3536 sessionem
394 3468 592 3552 Catharinae,
616 3469 761 3538 videlicet
788 3469 874 3559 quod
903 3483 999 3538 testes
1023 3483 1096 3538 sunt
1119 3469 1303 3557 singulares
1329 3489 1359 3537 et
1383 3467 1470 3558 quod
1493 3493 1570 3536 con-

193 3571 290 3640 fessio
315 3576 452 3641 omnino
476 3587 524 3642 est
548 3575 784 3642 extraiudicialis
809 3587 839 3642 et
864 3589 949 3664 parte
973 3575 1110 3642 absente.

302 3741 311 3770 ¹
330 3733 385 3787 Das
405 3733 568 3804 gesetzlicbe
588 3733 662 3786 Alter
683 3734 722 3787 liar
740 3734 781 3786 die
801 3735 924 3787 Pubertat
944 3753 999 3788 war
1020 3734 1121 3787 lreilich
1140 3733 1304 3800 vortianden,
1330 3732 1383 3787 und
1402 3732 1521 3786 bedurlte
1541 3749 1570 3786 es

193 3801 257 3856 dazu
277 3803 325 3856 des
343 3803 501 3874 Zeugnisses
520 3821 573 3858 von
587 3804 730 3858 Katharina
750 3805 829 3870 nicht,
849 3805 881 3858 da
900 3804 941 3858 die
955 3804 1138 3874 'l'aufregister
1157 3805 1195 3858 als
1209 3805 1373 3874 Geburtstag
1385 3802 1498 3857 Arthurs
1518 3803 1569 3857 den

193 3887 234 3928 20.
260 3873 421 3955 September
442 3873 508 3939 1486
535 3876 664 3945 angeben.
711 3875 736 3928 S.
763 3873 805 3928 die
830 3876 1069 3946 Zeugenaussagen
1098 3876 1140 3928 bei
1168 3875 1292 3940 Herbert,
1320 3893 1343 3945 p.
1367 3890 1412 3943 113
1434 3873 1569 3943 (Thomas

192 3943 311 4051 Marquip
329 3944 483 4086 &igiodie
502 4017 624 4086 Aussage
644 4015 690 4069 der
709 4016 825 4085 Konigin
845 4017 988 4070 Kalliarina
1011 4017 1058 4070 sub
1078 4015 1166 4086 sigillo
1186 4033 1233 4070 vor
1253 4016 1332 4070 Kard.
1353 4016 1476 4139 Campeg
1498 4017 1523 4069 'o
1544 4017 1570 4069 in

193 4084 290 4138 dessen
309 4085 454 4156 Depesche
474 4102 535 4140 torn
556 4085 595 4140 26.
612 4085 733 4140 Oktober
756 4103 799 4138 am
818 4087 951 4152 Schlusse,
974 4088 1044 4139 oben
1063 4087 1110 4146 Νι,
1126 4103 1166 4156 31·
1203 4087 1277 4140 Dazu
1297 4087 1339 4140 die
1364 4086 1481 4140 inhatlic
1520 4086 1570 4139 fast

192 4155 409 4278 gleichlautende
433 4157 656 4226 Zeugenaussage
679 4157 726 4238 des
751 4155 823 4210 alten
847 4157 968 4240 bischofs
993 4175 1045 4210 von
1070 4157 1119 4239 lily
1140 4158 1181 4211 bei
1207 4157 1319 4240 Herbert
1344 4158 1359 4211 l.
1380 4175 1402 4210 c.
1426 4170 1482 4221 114.
1519 4156 1570 4239 Die

214 4235 363 4280 rasumuon
383 4227 430 4279 des
444 4227 539 4280 lranon.
554 4227 670 4280 Rechtes
689 4245 716 4279 m
735 4226 846 4280 solclren
860 4227 949 4280 Fallen
969 4227 1037 4280 kann
1051 4228 1123 4280 nrclrt
1143 4227 1180 4280 als
1199 4229 1303 4282 Beweis
1323 4244 1413 4298 gegen
1426 4228 1570 4280 Katharrna

193 4295 337 4378 angelirhrt
357 4297 478 4363 werden,
498 4297 561 4350 weil
584 4296 640 4379 ihre
659 4297 814 4366 Zeugnisse‚
835 4314 914 4350 wenn
939 4297 1149 4380 beweislrraltig,
1174 4299 1242 4351 eben
1265 4301 1325 4369 jene
1344 4298 1513 4351 Praisunttion
1532 4298 1570 4352 als

193 4369 256 4452 rrrig
280 4366 402 4422 darthun.
441 4367 500 4421 lhre
520 4368 664 4437 Zeugnrsse
687 4367 793 4421 konnen
813 4367 894 4421 daher
913 4369 984 4421 nicht
1004 4368 1086 4422 durch
1105 4369 1178 4422 drese
1198 4369 1384 4439 Praisumptiou
1406 4368 1488 4421 selbst
1512 4377 1569 4422 ent-

193 4437 289 4490 ΝΜ
302 4437 504 4562 ’ωέζάἰξὶιήἰεὴῐ
524 4506 682 4573 ersichtlich‚
702 4525 808 4561 woraus
826 4509 884 4562 sich
897 4508 939 4562 die
958 4510 1125 4580 singularitas
1141 4511 1248 4564 testium
1269 4510 1386 4580 ergeben
1399 4509 1458 4577 soll,
1477 4509 1510 4564 da
1529 4509 1571 4563 die

193 4580 316 4650 sonstige
336 4579 457 4662 Fasspng
480 4578 526 4632 der
544 4579 654 4661 Articuli
674 4578 726 4660 viel
751 4577 815 4631 eher
838 4579 885 4632 auf
899 4579 1091 4650 Einmutigkeit
1114 4581 1168 4634 und
1190 4583 1225 4634 ina
1247 4579 1440 4662 wesentlichen
1464 4581 1570 4664 gleiche

192 4647 1571 4789 littatfttt‘ttttafflati..titillabitatiitdtzt²altstttt⁵atttltttttitt

192 4807 284 4862 gegen
299 4790 342 4843 die
358 4789 475 4860 Konigin
490 4788 677 4859 angewendet‚
696 4789 729 4842 da
744 4789 812 4841 auch
825 4798 908 4843 testes
923 4789 1079 4861 singulares,
1098 4808 1180 4845 wenn
1194 4793 1231 4844 sie
1246 4791 1371 4845 einander
1389 4792 1462 4847 nicht
1475 4793 1570 4848 wider-

193 4861 335 4962 sprecben,
354 4877 447 4946 noran
467 4861 524 4913 hier
536 4859 609 4912 nicht
625 4877 658 4942 pu
673 4859 777 4940 denken
796 4859 836 4926 ist,
856 4861 879 4929 je
894 4860 966 4983 ¹naltch
981 4861 1416 4986 besclpapltlignhbeeipvpirprelpusspgrerp
1434 4865 1572 4989 eibiriiibr

193 4929 1089 5074 tttmttltttlat‘zitattttz‘ttatttaratara.
1290 4975 1295 4988 ·
1388 4951 1407 5004 g
1419 4977 1425 4989 ·
1565 4981 1570 5002 ’
