3824 5528
175 344 186 379 r
193 343 241 394 530
260 328 418 382 Dezember.
1485 320 1542 380 171

172 509 313 555 canones
345 486 504 577 quibusvis
535 488 656 576 legibus
686 491 780 556 etiam
810 488 950 556 eiusdem
980 491 1069 578 regni
1098 489 1275 578 praevalere
1304 489 1429 558 debent.
1476 491 1546 558 Nec

171 594 310 680 suspicio
339 617 355 658 a
384 595 492 681 regina
520 592 651 682 allegata
679 596 721 662 ita
752 596 865 662 iniusta
890 613 937 662 est
960 607 1013 662 aut
1036 596 1132 678 nuda,
1162 609 1197 664 ut
1226 616 1259 662 tu
1288 595 1411 679 scribis;
1443 597 1545 664 immo

172 699 243 766 licet
274 696 313 765 ad
343 723 411 766 eam
440 699 633 787 probandam
665 701 703 766 de
734 703 799 768 iure
828 699 961 768 sufficiat
989 704 1151 790 proprium
1183 705 1409 784 iuramentum,
1437 714 1544 770 tamen

171 827 281 892 preces
305 817 387 886 tuae,
410 813 545 872 tuorum
564 805 718 874 nobilium
742 819 773 874 et
795 808 879 894 regis
897 807 1166 890 Christianissimi‚
1191 821 1225 876 ut
1247 810 1288 876 ita
1308 808 1479 875 dixerimus
1503 809 1545 874 ita

171 911 355 998 importune
375 911 480 978 locum
506 912 660 980 iudiciiin
684 913 799 1000 Anglia
815 925 969 1000 petentes
994 916 1209 1001 suspicionem
1233 915 1360 1002 reginae
1377 911 1544 981 iustificare

170 1015 329 1098 videntur,
360 1041 418 1084 nec
450 1020 627 1086 necessarie
659 1019 809 1108 sequitur,
843 1018 929 1108 quod
963 1019 1037 1087 dato
1073 1021 1141 1087 sine
1173 1019 1365 1107 praeiudicio
1396 1021 1545 1102 veritatis,

170 1121 259 1211 quod
285 1147 322 1190 ex
346 1123 464 1192 actibus
489 1125 681 1192 iudicialibus
705 1128 736 1192 in
754 1126 869 1214 Anglia
892 1125 1087 1214 probaretur,
1111 1126 1244 1194 liberum
1267 1126 1363 1194 fuisse
1383 1125 1545 1207 iudicium,

170 1241 278 1296 tamen
303 1229 512 1318 postmodum
537 1230 710 1318 legitimam
735 1233 949 1319 suspicionem
974 1254 1011 1298 ex
1035 1255 1185 1320 processu
1209 1235 1364 1320 temporis
1380 1233 1455 1298 oriri
1478 1255 1545 1299 uon

171 1357 277 1420 posse,
300 1338 484 1422 praesertim
509 1361 581 1404 curn
605 1337 724 1404 litteras
748 1355 882 1419 nostras,
907 1350 939 1405 et
962 1339 1118 1405 citatorias
1136 1357 1228 1428 atque
1245 1337 1450 1419 inhibiturias,
1467 1357 1545 1405 tam·

169 1463 264 1528 quarn
290 1441 328 1508 ad
352 1465 486 1530 regnum
510 1463 600 1510 tuum
623 1456 693 1511 tuto
718 1442 829 1511 deferri
853 1467 919 1510 non
948 1457 1090 1532 possent,
1112 1467 1168 1531 per
1192 1443 1331 1512 edictum
1356 1445 1467 1532 exequi
1491 1467 1545 1511 ne-

169 1568 259 1613 cesse
282 1546 349 1614 fuit.

278 1671 378 1753 Quod
409 1692 515 1740 autern
547 1674 653 1742 multis
681 1673 783 1741 verbis
812 1675 985 1763 quaereris,
1013 1674 1170 1762 postulata
1196 1687 1250 1741 tua
1280 1673 1319 1741 de
1350 1671 1544 1740 remittendo

169 1799 298 1844 causam
321 1778 410 1844 istam
436 1780 468 1844 in
490 1779 640 1867 Angliam
663 1781 780 1849 reiecta
800 1778 911 1860 fuisse,
941 1778 1173 1867 respondemus
1203 1803 1314 1848 verum
1343 1803 1429 1862 esse,
1458 1779 1546 1868 quod

168 1883 245 1950 Pius
275 1883 313 1950 11.
344 1883 569 1972 praedecessor
596 1905 706 1954 noster
734 1884 870 1967 dicebat,
900 1887 1064 1954 nemiuem
1093 1887 1198 1953 minus
1226 1887 1392 1954 veritatem
1426 1884 1543 1967 audire,

168 2012 266 2077 quam
290 1989 445 2078 publicam
470 2003 673 2080 potestatem,
697 2015 778 2081 quae
801 2004 920 2081 quanto
949 1993 1050 2060 maior
1080 2005 1142 2074 est,
1170 2003 1259 2059 tanto
1289 1992 1390 2079 magis
1418 1989 1542 2060 fallitur.

168 2095 255 2163 Nam
279 2097 305 2162 si
329 2115 472 2165 oratores
489 2099 533 2166 tui
558 2097 607 2167 hic
627 2099 709 2187 apud
725 2121 786 2167 nos
802 2098 858 2166 tibi
874 2098 1064 2181 retulissent,
1088 2097 1244 2187 postulata
1260 2109 1312 2165 tua
1332 2110 1363 2165 et
1380 2097 1542 2165 Christmi.

167 2202 254 2288 regis
278 2224 346 2269 non
369 2205 478 2271 omnia
501 2205 625 2286 reiecta,
650 2203 706 2272 sed
722 2203 760 2272 ad
784 2204 952 2272 consilium
969 2205 1000 2272 S.
1017 2206 1054 2273 R.
1071 2205 1105 2271 E.
1131 2203 1332 2272 cardinalium
1351 2216 1382 2271 et
1397 2215 1542 2272 nostrum

168 2309 304 2375 remissa
326 2307 422 2376 fuisse
446 2309 657 2394 discutienda3
682 2311 854 2378 honestum
879 2312 965 2378 enim
989 2309 1056 2394 fuit,
1080 2322 1114 2378 ut
1137 2311 1217 2377 sicut
1237 2310 1423 2376 commissio
1447 2309 1543 2376 advo-

168 2415 300 2495 catoria,
324 2427 359 2480 ut
382 2414 602 2503 praediximus,
634 2441 707 2483 cum
732 2417 916 2504 plenissimo
945 2417 1089 2484 examine
1114 2417 1283 2504 processit,
1312 2417 1354 2482 ita
1385 2416 1461 2482 haec
1491 2434 1544 2482 tua

167 2519 342 2607 postulatio
367 2519 540 2608 procedere
557 2521 698 2604 debebat,
723 2547 765 2590 sc.
783 2535 817 2590 ut
832 2524 952 2590 vocatis
968 2522 1105 2610 partibus
1123 2534 1188 2590 tam
1208 2523 1241 2588 in
1257 2523 1425 2609 signatura,
1448 2545 1543 2611 quam

168 2627 266 2694 etiam
302 2629 334 2692 in
366 2639 480 2694 nostro
511 2629 702 2695 consistorio
735 2629 890 2717 postulata
921 2648 974 2696 tua
1004 2626 1186 2696 huiusmodi
1218 2629 1482 2709 examinarentur,
1513 2641 1545 2694 et

169 2734 311 2821 aequitas
335 2757 369 2800 ac
395 2733 541 2800 naturalis
564 2735 655 2816 ratio,
679 2757 773 2823 quam
797 2735 926 2823 allegas,
955 2737 988 2802 in
1011 2736 1160 2802 trutinam
1183 2735 1345 2815 venirent,
1373 2757 1434 2800 nec
1460 2733 1545 2821 prin-

170 2840 278 2926 cipum
303 2852 356 2906 aut
380 2841 515 2908 cuiusvis
538 2843 647 2928 gratia,
671 2842 726 2908 sed
750 2842 865 2909 iustitia
894 2841 1053 2909 mediante
1076 2839 1310 2929 procederetur.
1356 2840 1434 2907 Non
1459 2841 1544 2906 enirn

169 2947 339 3012 consuevit
363 2944 461 3013 Sedes
477 2946 661 3033 Apostolica
684 2949 717 3013 in
741 2948 840 3014 causis
856 2946 1012 3034 gravibus,
1035 2947 1134 3037 qualis
1150 2959 1197 3014 est
1212 2948 1280 3028 ista,
1303 2944 1418 3036 aliquid
1434 2947 1544 3013 incon-

170 3043 253 3118 sulte
285 3065 338 3119 aut
364 3051 503 3140 partibus
532 3076 598 3119 non
630 3054 742 3120 auditis
771 3052 958 3136 decernere,
990 3077 1093 3143 neque
1124 3052 1300 3121 Bernardus
1329 3076 1424 3141 quem
1458 3053 1543 3136 citaS,

169 3158 272 3224 reiicit
288 3160 383 3225 iustas
399 3157 634 3246 appellationes,
660 3158 716 3227 sed
732 3159 942 3226 calumniosas
966 3172 997 3227 et
1013 3159 1233 3241 frustratorias,
1257 3159 1344 3248 quod
1360 3181 1421 3226 nos
1439 3161 1544 3239 etiam,

169 3263 197 3328 si
223 3286 313 3330 casus
337 3263 500 3347 incideret,
524 3263 716 3349 faceremus,
746 3289 805 3333 nec
837 3265 1006 3333 concilium
1031 3289 1046 3331 a
1071 3284 1102 3332 te
1126 3265 1294 3353 allegatum
1318 3266 1418 3333 reiicit
1445 3265 1544 3352 suspi-

170 3371 302 3438 cionem
319 3371 443 3452 iustam‚
468 3395 547 3460 quae
564 3373 596 3438 in
613 3395 647 3439 se
664 3371 757 3440 habet
772 3371 946 3440 naturalem
961 3374 1130 3454 rationem,
1154 3395 1214 3438 nec
1229 3371 1359 3438 relicere
1375 3370 1542 3438 debuisset.

169 3475 257 3542 Nam
281 3475 369 3566 quod
391 3479 495 3565 ipsum
520 3478 690 3545 concilium
714 3501 731 3545 a
754 3492 784 3546 te
810 3480 937 3546 citatum
963 3479 1047 3557 dicit,
1071 3476 1103 3544 id
1126 3479 1229 3565 ipsum
1256 3489 1287 3544 et
1311 3478 1384 3544 iuris
1408 3475 1544 3544 consulti

171 3601 204 3648 et
234 3605 375 3650 canones
404 3582 577 3666 affirmant,
610 3608 677 3651 non
706 3596 811 3652 tamen
841 3585 1018 3652 reiicientes
1048 3596 1214 3672 propterea
1241 3583 1415 3671 legitimam
1445 3584 1544 3671 suspi-

171 3689 317 3769 cionem,
350 3711 444 3777 quam
469 3691 563 3756 etiam
587 3713 643 3777 per
666 3692 830 3778 proprium
859 3691 1070 3756 iuramentum
1100 3687 1224 3776 probari
1254 3710 1349 3776 posse
1377 3686 1544 3755 manifeste

170 3794 329 3877 sentiuut3
354 3817 413 3862 nec
438 3793 519 3862 dicta
542 3795 732 3863 Sanctorum
755 3797 787 3861 in
811 3795 1010 3883 processibus
1034 3817 1196 3861 causarum
1225 3792 1402 3882 praevalere
1427 3793 1543 3861 debent

171 3923 334 3966 canonum
360 3911 390 3967 et
413 3899 606 3969 Pontificum
630 3900 875 3970 auctoritatibus.

277 4023 379 4104 Quod
407 4047 484 4092 vero
517 4048 640 4092 causam
673 4027 704 4091 in
729 4025 844 4112 Anglia
872 4027 1143 4107 commiserimus,
1173 4048 1237 4114 quo
1268 4025 1299 4092 id
1328 4027 1435 4092 animo
1463 4024 1545 4092 lece·

170 4131 282 4212 rimus,
306 4132 448 4217 superius
471 4130 525 4197 tibi
550 4131 787 4219 explicavimus;
811 4156 910 4199 unum
934 4145 1041 4199 tamen
1065 4155 1132 4198 non
1149 4133 1346 4214 omittemus,
1370 4143 1443 4198 tuos
1468 4153 1543 4198 con-

170 4235 316 4316 siliarios,
352 4237 427 4324 quin
457 4239 562 4324 potius
593 4235 770 4305 adulatores
797 4236 956 4304 induxisse
987 4249 1033 4319 te,
1069 4249 1103 4305 ut
1137 4236 1262 4324 collegii
1297 4239 1474 4324 signaturae
1510 4249 1542 4303 et

170 4344 364 4409 sacrosancti
380 4353 507 4411 senatus
525 4341 727 4410 cardinalium
744 4367 779 4410 ac
797 4363 942 4410 nostrum
959 4345 1073 4431 pariter
1089 4341 1238 4410 iudicium
1256 4343 1343 4432 quasi
1361 4354 1542 4430 suspectum

170 4446 308 4535 refugias
318 4455 337 4528 ¹,
361 4471 428 4514 non
452 4447 627 4531 attendens,
652 4449 738 4539 quod
762 4449 801 4516 de
825 4451 892 4516 iure
908 4473 974 4516 non
999 4448 1081 4530 licet,
1106 4461 1250 4516 senatum
1267 4447 1470 4515 cardinalium
1490 4461 1542 4516 aut

170 4577 233 4621 nos
256 4573 423 4641 suspectos
443 4553 686 4643 quomodolibet
709 4555 853 4643 allegare,
879 4579 950 4622 cum
976 4578 1036 4621 nos
1060 4578 1234 4644 numquam
1250 4555 1283 4620 in
1299 4552 1467 4622 iudicando
1491 4566 1543 4621 aut

170 4658 380 4728 vicissitudini
408 4679 460 4726 aut
488 4658 580 4727 rebus
612 4661 758 4728 humanis
781 4663 983 4743 servivimus,
1011 4659 1068 4728 sed
1096 4661 1239 4743 iustitiae.
1290 4661 1335 4726 Ex
1365 4661 1412 4726 his
1439 4662 1543 4747 igitur,

281 4897 289 4926 ¹
309 4889 334 4943 S.
355 4887 441 4944 ausser
459 4891 522 4944 dem
540 4890 684 4946 Schreiben
707 4891 847 4946 Heinrichs
870 4908 933 4946 vom
951 4890 975 4946 6.
996 4890 1146 4945 Dezember
1168 4891 1236 4944 auch
1259 4890 1331 4944 noch
1354 4890 1424 4946 oben
1444 4889 1489 4944 Nr.
1509 4906 1541 4963 9²

171 4961 226 5014 und
244 4959 291 5014 das
311 4959 455 5013 Schreiben
475 4960 659 5032 Campeggios
678 4979 742 5016 vom
764 4963 803 5016 18.
823 4961 876 5016 Mai
897 4977 971 5036 1529,
991 4963 1061 5020 oben
1080 4963 1106 5016 S.
1126 4962 1167 5034 85.
