<?xml version="1.0" encoding="UTF-8"?>
<!DOCTYPE html PUBLIC "-//W3C//DTD XHTML 1.0 Transitional//EN"
    "http://www.w3.org/TR/xhtml1/DTD/xhtml1-transitional.dtd">
<html xmlns="http://www.w3.org/1999/xhtml" xml:lang="en" lang="en">
 <head>
  <title>
</title>
<meta http-equiv="Content-Type" content="text/html;charset=utf-8" />
  <meta name='ocr-system' content='tesseract 3.04.00' />
  <meta name='ocr-capabilities' content='ocr_page ocr_carea ocr_par ocr_line ocrx_word'/>
</head>
<body>
  <div class='ocr_page' id='page_1' title='image "./rmischedokument00ehsegoog_0225.png"; bbox 0 0 3824 5528; ppageno 0'>
   <div class='ocr_carea' id='block_1_1' title="bbox 366 315 1736 396">
    <p class='ocr_par' dir='ltr' id='par_1_1' title="bbox 366 315 1736 396">
     <span class='ocr_line' id='line_1_1' title="bbox 366 315 1736 396; baseline 0.005 -23"><span class='ocrx_word' id='word_1_1' title='bbox 366 315 426 374; x_wconf 72' lang='lat'>172</span> <span class='ocrx_word' id='word_1_2' title='bbox 1488 329 1639 382; x_wconf 84' lang='lat' dir='ltr'>Dezember</span> <span class='ocrx_word' id='word_1_3' title='bbox 1660 343 1689 396; x_wconf 89' lang='lat'>15</span> <span class='ocrx_word' id='word_1_4' title='bbox 1697 343 1736 396; x_wconf 80' lang='lat'>3⁰·</span> 
     </span>
    </p>
   </div>
   <div class='ocr_carea' id='block_1_2' title="bbox 362 486 1737 4712">
    <p class='ocr_par' dir='ltr' id='par_1_2' title="bbox 362 486 1736 2482">
     <span class='ocr_line' id='line_1_2' title="bbox 362 486 1735 577; baseline 0.001 -24"><span class='ocrx_word' id='word_1_5' title='bbox 362 509 441 574; x_wconf 90' lang='lat' dir='ltr'>quae</span> <span class='ocrx_word' id='word_1_6' title='bbox 465 509 557 574; x_wconf 87' lang='lat' dir='ltr'>supra</span> <span class='ocrx_word' id='word_1_7' title='bbox 581 487 728 569; x_wconf 82' lang='lat' dir='ltr'>diximus,</span> <span class='ocrx_word' id='word_1_8' title='bbox 752 487 832 554; x_wconf 89' lang='lat' dir='ltr'>clare</span> <span class='ocrx_word' id='word_1_9' title='bbox 856 489 967 576; x_wconf 91' lang='lat' dir='ltr'>cuique</span> <span class='ocrx_word' id='word_1_10' title='bbox 992 503 1076 556; x_wconf 89' lang='lat' dir='ltr'>recte</span> <span class='ocrx_word' id='word_1_11' title='bbox 1093 488 1240 555; x_wconf 85' lang='lat' dir='ltr'>sentienti</span> <span class='ocrx_word' id='word_1_12' title='bbox 1259 499 1404 555; x_wconf 83' lang='lat' dir='ltr'>constare</span> <span class='ocrx_word' id='word_1_13' title='bbox 1421 486 1526 571; x_wconf 88' lang='lat' dir='ltr'>debet,</span> <span class='ocrx_word' id='word_1_14' title='bbox 1550 501 1735 577; x_wconf 80' lang='lat' dir='ltr'>quaegesta</span> 
     </span>
     <span class='ocr_line' id='line_1_3' title="bbox 363 590 1736 681; baseline 0.003 -25"><span class='ocrx_word' id='word_1_15' title='bbox 363 603 436 658; x_wconf 92' lang='lat' dir='ltr'>sunt</span> <span class='ocrx_word' id='word_1_16' title='bbox 458 614 515 680; x_wconf 92' lang='lat' dir='ltr'>per</span> <span class='ocrx_word' id='word_1_17' title='bbox 538 616 613 674; x_wconf 91' lang='lat' dir='ltr'>nos,</span> <span class='ocrx_word' id='word_1_18' title='bbox 643 616 708 660; x_wconf 95' lang='lat' dir='ltr'>non</span> <span class='ocrx_word' id='word_1_19' title='bbox 738 591 776 660; x_wconf 92' lang='lat' dir='ltr'>ad</span> <span class='ocrx_word' id='word_1_20' title='bbox 800 605 886 660; x_wconf 91' lang='lat' dir='ltr'>tuam</span> <span class='ocrx_word' id='word_1_21' title='bbox 911 595 1054 660; x_wconf 87' lang='lat' dir='ltr'>iniuriam</span> <span class='ocrx_word' id='word_1_22' title='bbox 1085 594 1150 660; x_wconf 90' lang='lat' dir='ltr'>sive</span> <span class='ocrx_word' id='word_1_23' title='bbox 1174 591 1334 659; x_wconf 80' lang='lat' dir='ltr'>infamiam</span> <span class='ocrx_word' id='word_1_24' title='bbox 1358 611 1447 681; x_wconf 85' lang='lat' dir='ltr'>gesta</span> <span class='ocrx_word' id='word_1_25' title='bbox 1477 593 1591 674; x_wconf 90' lang='lat' dir='ltr'>fuisse,</span> <span class='ocrx_word' id='word_1_26' title='bbox 1623 590 1679 660; x_wconf 91' lang='lat' dir='ltr'>sed</span> <span class='ocrx_word' id='word_1_27' title='bbox 1702 605 1736 660; x_wconf 90' lang='lat' dir='ltr'>ut</span> 
     </span>
     <span class='ocr_line' id='line_1_4' title="bbox 363 697 1733 787; baseline 0.001 -25"><span class='ocrx_word' id='word_1_28' title='bbox 363 698 478 765; x_wconf 91' lang='lat' dir='ltr'>iustitia</span> <span class='ocrx_word' id='word_1_29' title='bbox 501 711 589 766; x_wconf 90' lang='lat' dir='ltr'>recto</span> <span class='ocrx_word' id='word_1_30' title='bbox 612 701 739 766; x_wconf 79' lang='lat' dir='ltr'>tramite</span> <span class='ocrx_word' id='word_1_31' title='bbox 756 698 952 787; x_wconf 87' lang='lat' dir='ltr'>procederet,</span> <span class='ocrx_word' id='word_1_32' title='bbox 977 702 1064 767; x_wconf 88' lang='lat' dir='ltr'>etita</span> <span class='ocrx_word' id='word_1_33' title='bbox 1088 697 1298 767; x_wconf 90' lang='lat' dir='ltr'>iudicaremus</span> <span class='ocrx_word' id='word_1_34' title='bbox 1317 721 1448 786; x_wconf 87' lang='lat' dir='ltr'>parvum</span> <span class='ocrx_word' id='word_1_35' title='bbox 1473 701 1553 766; x_wconf 91' lang='lat' dir='ltr'>sicut</span> <span class='ocrx_word' id='word_1_36' title='bbox 1570 721 1733 786; x_wconf 88' lang='lat' dir='ltr'>magnum.</span> 
     </span>
     <span class='ocr_line' id='line_1_5' title="bbox 364 801 1735 895; baseline 0.001 -26"><span class='ocrx_word' id='word_1_37' title='bbox 364 801 441 870; x_wconf 92' lang='lat' dir='ltr'>Illud</span> <span class='ocrx_word' id='word_1_38' title='bbox 464 823 571 870; x_wconf 89' lang='lat' dir='ltr'>tamen</span> <span class='ocrx_word' id='word_1_39' title='bbox 601 827 667 870; x_wconf 90' lang='lat' dir='ltr'>non</span> <span class='ocrx_word' id='word_1_40' title='bbox 698 827 869 892; x_wconf 88' lang='lat' dir='ltr'>possumus</span> <span class='ocrx_word' id='word_1_41' title='bbox 898 828 964 872; x_wconf 93' lang='lat' dir='ltr'>non</span> <span class='ocrx_word' id='word_1_42' title='bbox 994 807 1113 888; x_wconf 86' lang='lat' dir='ltr'>mirari,</span> <span class='ocrx_word' id='word_1_43' title='bbox 1145 805 1232 895; x_wconf 94' lang='lat' dir='ltr'>quod</span> <span class='ocrx_word' id='word_1_44' title='bbox 1260 807 1302 872; x_wconf 91' lang='lat' dir='ltr'>ita</span> <span class='ocrx_word' id='word_1_45' title='bbox 1328 805 1495 893; x_wconf 89' lang='lat' dir='ltr'>suspiceris</span> <span class='ocrx_word' id='word_1_46' title='bbox 1524 829 1585 873; x_wconf 90' lang='lat' dir='ltr'>nos</span> <span class='ocrx_word' id='word_1_47' title='bbox 1610 805 1735 874; x_wconf 80' lang='lat' dir='ltr'>Caesari</span> 
     </span>
     <span class='ocr_line' id='line_1_6' title="bbox 363 907 1734 1000; baseline 0.003 -26"><span class='ocrx_word' id='word_1_48' title='bbox 363 907 516 992; x_wconf 79' lang='lat' dir='ltr'>addictos,</span> <span class='ocrx_word' id='word_1_49' title='bbox 540 929 574 977; x_wconf 92' lang='lat' dir='ltr'>ut</span> <span class='ocrx_word' id='word_1_50' title='bbox 599 933 657 998; x_wconf 94' lang='lat' dir='ltr'>pro</span> <span class='ocrx_word' id='word_1_51' title='bbox 682 913 749 979; x_wconf 91' lang='lat' dir='ltr'>eius</span> <span class='ocrx_word' id='word_1_52' title='bbox 772 923 849 979; x_wconf 90' lang='lat' dir='ltr'>nutu</span> <span class='ocrx_word' id='word_1_53' title='bbox 874 913 939 978; x_wconf 86' lang='lat' dir='ltr'>sive</span> <span class='ocrx_word' id='word_1_54' title='bbox 963 911 1090 980; x_wconf 91' lang='lat' dir='ltr'>arbitrio</span> <span class='ocrx_word' id='word_1_55' title='bbox 1119 913 1150 978; x_wconf 92' lang='lat' dir='ltr'>in</span> <span class='ocrx_word' id='word_1_56' title='bbox 1183 910 1365 979; x_wconf 91' lang='lat' dir='ltr'>huiusmodi</span> <span class='ocrx_word' id='word_1_57' title='bbox 1388 935 1480 978; x_wconf 90' lang='lat' dir='ltr'>causa</span> <span class='ocrx_word' id='word_1_58' title='bbox 1507 911 1734 1000; x_wconf 83' lang='lat' dir='ltr'>procedamus3</span> 
     </span>
     <span class='ocr_line' id='line_1_7' title="bbox 364 1016 1733 1098; baseline 0.003 -18"><span class='ocrx_word' id='word_1_59' title='bbox 364 1036 437 1080; x_wconf 91' lang='lat' dir='ltr'>nam</span> <span class='ocrx_word' id='word_1_60' title='bbox 462 1039 534 1082; x_wconf 89' lang='lat' dir='ltr'>cum</span> <span class='ocrx_word' id='word_1_61' title='bbox 559 1017 589 1083; x_wconf 91' lang='lat' dir='ltr'>in</span> <span class='ocrx_word' id='word_1_62' title='bbox 615 1017 671 1084; x_wconf 86' lang='lat' dir='ltr'>hac</span> <span class='ocrx_word' id='word_1_63' title='bbox 696 1041 787 1084; x_wconf 87' lang='lat' dir='ltr'>causa</span> <span class='ocrx_word' id='word_1_64' title='bbox 810 1019 850 1086; x_wconf 91' lang='lat' dir='ltr'>sit</span> <span class='ocrx_word' id='word_1_65' title='bbox 873 1017 1033 1085; x_wconf 88' lang='lat' dir='ltr'>Defensor</span> <span class='ocrx_word' id='word_1_66' title='bbox 1057 1017 1129 1085; x_wconf 86' lang='lat' dir='ltr'>fidei</span> <span class='ocrx_word' id='word_1_67' title='bbox 1154 1041 1191 1084; x_wconf 87' lang='lat' dir='ltr'>ex</span> <span class='ocrx_word' id='word_1_68' title='bbox 1216 1041 1288 1098; x_wconf 90' lang='lat' dir='ltr'>una,</span> <span class='ocrx_word' id='word_1_69' title='bbox 1313 1031 1344 1085; x_wconf 93' lang='lat' dir='ltr'>et</span> <span class='ocrx_word' id='word_1_70' title='bbox 1368 1016 1549 1086; x_wconf 86' lang='lat' dir='ltr'>Advocatus</span> <span class='ocrx_word' id='word_1_71' title='bbox 1575 1017 1733 1094; x_wconf 88' lang='lat' dir='ltr'>ecclesiae,</span> 
     </span>
     <span class='ocr_line' id='line_1_8' title="bbox 364 1121 1734 1211; baseline 0.001 -24"><span class='ocrx_word' id='word_1_72' title='bbox 364 1131 398 1187; x_wconf 92' lang='lat' dir='ltr'>ut</span> <span class='ocrx_word' id='word_1_73' title='bbox 420 1139 454 1188; x_wconf 95' lang='lat' dir='ltr'>tu</span> <span class='ocrx_word' id='word_1_74' title='bbox 477 1121 597 1204; x_wconf 90' lang='lat' dir='ltr'>scribis,</span> <span class='ocrx_word' id='word_1_75' title='bbox 621 1147 659 1191; x_wconf 84' lang='lat' dir='ltr'>ex</span> <span class='ocrx_word' id='word_1_76' title='bbox 683 1123 785 1190; x_wconf 90' lang='lat' dir='ltr'>altera.</span> <span class='ocrx_word' id='word_1_77' title='bbox 810 1127 893 1191; x_wconf 88' lang='lat' dir='ltr'>iuxta</span> <span class='ocrx_word' id='word_1_78' title='bbox 917 1125 990 1191; x_wconf 90' lang='lat' dir='ltr'>iuris</span> <span class='ocrx_word' id='word_1_79' title='bbox 1007 1123 1141 1191; x_wconf 86' lang='lat' dir='ltr'>consulti</span> <span class='ocrx_word' id='word_1_80' title='bbox 1167 1125 1356 1191; x_wconf 85' lang='lat' dir='ltr'>sententiam</span> <span class='ocrx_word' id='word_1_81' title='bbox 1381 1146 1436 1211; x_wconf 86' lang='lat' dir='ltr'>par</span> <span class='ocrx_word' id='word_1_82' title='bbox 1456 1125 1536 1190; x_wconf 85' lang='lat' dir='ltr'>ratio</span> <span class='ocrx_word' id='word_1_83' title='bbox 1559 1123 1734 1191; x_wconf 87' lang='lat' dir='ltr'>affectionis</span> 
     </span>
     <span class='ocr_line' id='line_1_9' title="bbox 364 1228 1732 1318; baseline 0.004 -28"><span class='ocrx_word' id='word_1_84' title='bbox 364 1239 491 1295; x_wconf 87' lang='lat' dir='ltr'>nostrae</span> <span class='ocrx_word' id='word_1_85' title='bbox 514 1241 577 1296; x_wconf 91' lang='lat' dir='ltr'>tam</span> <span class='ocrx_word' id='word_1_86' title='bbox 603 1228 641 1298; x_wconf 90' lang='lat' dir='ltr'>ad</span> <span class='ocrx_word' id='word_1_87' title='bbox 665 1228 877 1297; x_wconf 90' lang='lat' dir='ltr'>Defensorem</span> <span class='ocrx_word' id='word_1_88' title='bbox 902 1228 986 1310; x_wconf 88' lang='lat' dir='ltr'>fidei,</span> <span class='ocrx_word' id='word_1_89' title='bbox 1010 1253 1103 1318; x_wconf 90' lang='lat' dir='ltr'>quam</span> <span class='ocrx_word' id='word_1_90' title='bbox 1129 1229 1328 1298; x_wconf 74' lang='lat' dir='ltr'>Advocatum</span> <span class='ocrx_word' id='word_1_91' title='bbox 1347 1229 1498 1297; x_wconf 89' lang='lat' dir='ltr'>ecclesiae</span> <span class='ocrx_word' id='word_1_92' title='bbox 1521 1231 1732 1318; x_wconf 86' lang='lat' dir='ltr'>suspicionem</span> 
     </span>
     <span class='ocr_line' id='line_1_10' title="bbox 364 1333 1734 1421; baseline 0.003 -22"><span class='ocrx_word' id='word_1_93' title='bbox 364 1333 472 1421; x_wconf 90' lang='lat' dir='ltr'>utique</span> <span class='ocrx_word' id='word_1_94' title='bbox 499 1357 631 1402; x_wconf 92' lang='lat' dir='ltr'>omnem</span> <span class='ocrx_word' id='word_1_95' title='bbox 661 1335 772 1403; x_wconf 90' lang='lat' dir='ltr'>tollere</span> <span class='ocrx_word' id='word_1_96' title='bbox 807 1333 945 1402; x_wconf 88' lang='lat' dir='ltr'>deberet.</span> <span class='ocrx_word' id='word_1_97' title='bbox 997 1336 1161 1403; x_wconf 88' lang='lat' dir='ltr'>Praeterea</span> <span class='ocrx_word' id='word_1_98' title='bbox 1189 1335 1295 1402; x_wconf 91' lang='lat' dir='ltr'>Deum</span> <span class='ocrx_word' id='word_1_99' title='bbox 1328 1347 1481 1403; x_wconf 88' lang='lat' dir='ltr'>testamur</span> <span class='ocrx_word' id='word_1_100' title='bbox 1516 1348 1547 1403; x_wconf 89' lang='lat' dir='ltr'>et</span> <span class='ocrx_word' id='word_1_101' title='bbox 1582 1337 1614 1402; x_wconf 90' lang='lat' dir='ltr'>in</span> <span class='ocrx_word' id='word_1_102' title='bbox 1645 1335 1734 1403; x_wconf 89' lang='lat' dir='ltr'>verba</span> 
     </span>
     <span class='ocr_line' id='line_1_11' title="bbox 365 1437 1732 1529; baseline 0.004 -26"><span class='ocrx_word' id='word_1_103' title='bbox 365 1437 528 1506; x_wconf 84' lang='lat' dir='ltr'>Pontificis</span> <span class='ocrx_word' id='word_1_104' title='bbox 551 1439 648 1508; x_wconf 83' lang='lat' dir='ltr'>fidem</span> <span class='ocrx_word' id='word_1_105' title='bbox 673 1439 814 1520; x_wconf 90' lang='lat' dir='ltr'>facimus,</span> <span class='ocrx_word' id='word_1_106' title='bbox 839 1440 1008 1508; x_wconf 88' lang='lat' dir='ltr'>Caesarem</span> <span class='ocrx_word' id='word_1_107' title='bbox 1026 1463 1199 1529; x_wconf 91' lang='lat' dir='ltr'>numquam</span> <span class='ocrx_word' id='word_1_108' title='bbox 1224 1438 1350 1507; x_wconf 89' lang='lat' dir='ltr'>anobis</span> <span class='ocrx_word' id='word_1_109' title='bbox 1373 1441 1433 1506; x_wconf 90' lang='lat' dir='ltr'>nisi</span> <span class='ocrx_word' id='word_1_110' title='bbox 1449 1463 1571 1508; x_wconf 90' lang='lat' dir='ltr'>meram</span> <span class='ocrx_word' id='word_1_111' title='bbox 1588 1442 1732 1509; x_wconf 86' lang='lat' dir='ltr'>iustitiam</span> 
     </span>
     <span class='ocr_line' id='line_1_12' title="bbox 364 1543 1735 1635; baseline 0.003 -25"><span class='ocrx_word' id='word_1_112' title='bbox 364 1543 549 1630; x_wconf 90' lang='lat' dir='ltr'>postulasse.</span> <span class='ocrx_word' id='word_1_113' title='bbox 596 1546 729 1614; x_wconf 89' lang='lat' dir='ltr'>Dicebat</span> <span class='ocrx_word' id='word_1_114' title='bbox 752 1548 837 1612; x_wconf 90' lang='lat' dir='ltr'>enim</span> <span class='ocrx_word' id='word_1_115' title='bbox 863 1545 1040 1628; x_wconf 90' lang='lat' dir='ltr'>nobiscum,</span> <span class='ocrx_word' id='word_1_116' title='bbox 1070 1545 1155 1635; x_wconf 92' lang='lat' dir='ltr'>quod</span> <span class='ocrx_word' id='word_1_117' title='bbox 1180 1547 1205 1612; x_wconf 92' lang='lat' dir='ltr'>si</span> <span class='ocrx_word' id='word_1_118' title='bbox 1230 1547 1338 1634; x_wconf 91' lang='lat' dir='ltr'>regina</span> <span class='ocrx_word' id='word_1_119' title='bbox 1362 1547 1511 1614; x_wconf 86' lang='lat' dir='ltr'>iniustam</span> <span class='ocrx_word' id='word_1_120' title='bbox 1540 1570 1668 1614; x_wconf 88' lang='lat' dir='ltr'>causam</span> <span class='ocrx_word' id='word_1_121' title='bbox 1691 1545 1735 1614; x_wconf 91' lang='lat' dir='ltr'>fo·</span> 
     </span>
     <span class='ocr_line' id='line_1_13' title="bbox 364 1648 1734 1742; baseline 0.004 -27"><span class='ocrx_word' id='word_1_122' title='bbox 364 1648 467 1732; x_wconf 87' lang='lat' dir='ltr'>vebat,</span> <span class='ocrx_word' id='word_1_123' title='bbox 491 1675 557 1719; x_wconf 91' lang='lat' dir='ltr'>non</span> <span class='ocrx_word' id='word_1_124' title='bbox 582 1665 647 1720; x_wconf 92' lang='lat' dir='ltr'>erat</span> <span class='ocrx_word' id='word_1_125' title='bbox 670 1653 856 1720; x_wconf 86' lang='lat' dir='ltr'>intentionis</span> <span class='ocrx_word' id='word_1_126' title='bbox 879 1675 969 1732; x_wconf 91' lang='lat' dir='ltr'>suae,</span> <span class='ocrx_word' id='word_1_127' title='bbox 999 1675 1068 1718; x_wconf 89' lang='lat' dir='ltr'>earn</span> <span class='ocrx_word' id='word_1_128' title='bbox 1100 1653 1132 1718; x_wconf 90' lang='lat' dir='ltr'>in</span> <span class='ocrx_word' id='word_1_129' title='bbox 1160 1652 1265 1741; x_wconf 92' lang='lat' dir='ltr'>aliquo</span> <span class='ocrx_word' id='word_1_130' title='bbox 1288 1653 1410 1734; x_wconf 88' lang='lat' dir='ltr'>iuvare,</span> <span class='ocrx_word' id='word_1_131' title='bbox 1438 1651 1494 1720; x_wconf 90' lang='lat' dir='ltr'>sed</span> <span class='ocrx_word' id='word_1_132' title='bbox 1517 1652 1734 1742; x_wconf 89' lang='lat' dir='ltr'>imputandum</span> 
     </span>
     <span class='ocr_line' id='line_1_14' title="bbox 366 1756 1735 1847; baseline 0.001 -25"><span class='ocrx_word' id='word_1_133' title='bbox 366 1777 435 1822; x_wconf 91' lang='lat' dir='ltr'>esse</span> <span class='ocrx_word' id='word_1_134' title='bbox 458 1756 517 1840; x_wconf 87' lang='lat' dir='ltr'>his,</span> <span class='ocrx_word' id='word_1_135' title='bbox 541 1759 594 1846; x_wconf 93' lang='lat' dir='ltr'>qui</span> <span class='ocrx_word' id='word_1_136' title='bbox 617 1756 677 1826; x_wconf 89' lang='lat' dir='ltr'>tale</span> <span class='ocrx_word' id='word_1_137' title='bbox 701 1759 939 1826; x_wconf 89' lang='lat' dir='ltr'>matrimonium</span> <span class='ocrx_word' id='word_1_138' title='bbox 971 1769 1023 1824; x_wconf 88' lang='lat' dir='ltr'>aut</span> <span class='ocrx_word' id='word_1_139' title='bbox 1052 1759 1175 1845; x_wconf 88' lang='lat' dir='ltr'>nuptias</span> <span class='ocrx_word' id='word_1_140' title='bbox 1206 1771 1429 1846; x_wconf 91' lang='lat' dir='ltr'>procurarunt;</span> <span class='ocrx_word' id='word_1_141' title='bbox 1461 1757 1549 1847; x_wconf 91' lang='lat' dir='ltr'>quod</span> <span class='ocrx_word' id='word_1_142' title='bbox 1577 1759 1603 1825; x_wconf 91' lang='lat' dir='ltr'>si</span> <span class='ocrx_word' id='word_1_143' title='bbox 1631 1758 1735 1846; x_wconf 89' lang='lat' dir='ltr'>regina</span> 
     </span>
     <span class='ocr_line' id='line_1_15' title="bbox 366 1860 1735 1952; baseline 0.003 -27"><span class='ocrx_word' id='word_1_144' title='bbox 366 1860 432 1947; x_wconf 86' lang='lat' dir='ltr'>ipsa</span> <span class='ocrx_word' id='word_1_145' title='bbox 455 1863 568 1931; x_wconf 88' lang='lat' dir='ltr'>iustam</span> <span class='ocrx_word' id='word_1_146' title='bbox 594 1887 718 1931; x_wconf 91' lang='lat' dir='ltr'>causam</span> <span class='ocrx_word' id='word_1_147' title='bbox 745 1862 882 1944; x_wconf 90' lang='lat' dir='ltr'>haberet,</span> <span class='ocrx_word' id='word_1_148' title='bbox 907 1885 974 1930; x_wconf 93' lang='lat' dir='ltr'>non</span> <span class='ocrx_word' id='word_1_149' title='bbox 998 1885 1093 1951; x_wconf 91' lang='lat' dir='ltr'>posse</span> <span class='ocrx_word' id='word_1_150' title='bbox 1118 1864 1186 1930; x_wconf 90' lang='lat' dir='ltr'>sine</span> <span class='ocrx_word' id='word_1_151' title='bbox 1210 1863 1343 1930; x_wconf 91' lang='lat' dir='ltr'>honoris</span> <span class='ocrx_word' id='word_1_152' title='bbox 1367 1865 1414 1932; x_wconf 90' lang='lat' dir='ltr'>sui</span> <span class='ocrx_word' id='word_1_153' title='bbox 1438 1886 1553 1951; x_wconf 86' lang='lat' dir='ltr'>magna</span> <span class='ocrx_word' id='word_1_154' title='bbox 1578 1876 1655 1931; x_wconf 90' lang='lat' dir='ltr'>nota</span> <span class='ocrx_word' id='word_1_155' title='bbox 1671 1885 1735 1952; x_wconf 91' lang='lat' dir='ltr'>per-</span> 
     </span>
     <span class='ocr_line' id='line_1_16' title="bbox 367 1967 1732 2057; baseline 0.001 -25"><span class='ocrx_word' id='word_1_156' title='bbox 367 1967 502 2050; x_wconf 88' lang='lat' dir='ltr'>mittere,</span> <span class='ocrx_word' id='word_1_157' title='bbox 527 1967 610 2035; x_wconf 91' lang='lat' dir='ltr'>illam</span> <span class='ocrx_word' id='word_1_158' title='bbox 635 1983 744 2037; x_wconf 90' lang='lat' dir='ltr'>contra</span> <span class='ocrx_word' id='word_1_159' title='bbox 768 1970 916 2036; x_wconf 89' lang='lat' dir='ltr'>iustitiam</span> <span class='ocrx_word' id='word_1_160' title='bbox 941 1971 1088 2057; x_wconf 91' lang='lat' dir='ltr'>opprimi.</span> <span class='ocrx_word' id='word_1_161' title='bbox 1128 1969 1159 2035; x_wconf 87' lang='lat' dir='ltr'>Si</span> <span class='ocrx_word' id='word_1_162' title='bbox 1177 1989 1282 2036; x_wconf 90' lang='lat' dir='ltr'>autem</span> <span class='ocrx_word' id='word_1_163' title='bbox 1300 1968 1414 2036; x_wconf 89' lang='lat' dir='ltr'>eodem</span> <span class='ocrx_word' id='word_1_164' title='bbox 1433 1967 1533 2036; x_wconf 93' lang='lat' dir='ltr'>modo</span> <span class='ocrx_word' id='word_1_165' title='bbox 1549 1971 1596 2036; x_wconf 90' lang='lat' dir='ltr'>tui</span> <span class='ocrx_word' id='word_1_166' title='bbox 1612 1993 1629 2036; x_wconf 94' lang='lat' dir='ltr'>a</span> <span class='ocrx_word' id='word_1_167' title='bbox 1646 1967 1732 2036; x_wconf 92' lang='lat' dir='ltr'>nobis</span> 
     </span>
     <span class='ocr_line' id='line_1_17' title="bbox 366 2074 1734 2162; baseline 0 -22"><span class='ocrx_word' id='word_1_168' title='bbox 366 2095 485 2141; x_wconf 90' lang='lat' dir='ltr'>meram</span> <span class='ocrx_word' id='word_1_169' title='bbox 511 2075 659 2142; x_wconf 88' lang='lat' dir='ltr'>iustitiam</span> <span class='ocrx_word' id='word_1_170' title='bbox 683 2075 927 2162; x_wconf 83' lang='lat' dir='ltr'>postulaverint,</span> <span class='ocrx_word' id='word_1_171' title='bbox 951 2074 1109 2144; x_wconf 90' lang='lat' dir='ltr'>credimus</span> <span class='ocrx_word' id='word_1_172' title='bbox 1133 2099 1201 2142; x_wconf 91' lang='lat' dir='ltr'>non</span> <span class='ocrx_word' id='word_1_173' title='bbox 1225 2089 1256 2144; x_wconf 92' lang='lat' dir='ltr'>te</span> <span class='ocrx_word' id='word_1_174' title='bbox 1280 2075 1394 2157; x_wconf 90' lang='lat' dir='ltr'>latere;</span> <span class='ocrx_word' id='word_1_175' title='bbox 1432 2074 1462 2142; x_wconf 94' lang='lat' dir='ltr'>id</span> <span class='ocrx_word' id='word_1_176' title='bbox 1487 2077 1573 2142; x_wconf 90' lang='lat' dir='ltr'>enim</span> <span class='ocrx_word' id='word_1_177' title='bbox 1600 2077 1734 2162; x_wconf 90' lang='lat' dir='ltr'>ingenue</span> 
     </span>
     <span class='ocr_line' id='line_1_18' title="bbox 366 2177 1736 2270; baseline 0 -24"><span class='ocrx_word' id='word_1_178' title='bbox 366 2177 515 2262; x_wconf 87' lang='lat' dir='ltr'>fatemur,</span> <span class='ocrx_word' id='word_1_179' title='bbox 537 2181 581 2248; x_wconf 89' lang='lat' dir='ltr'>tui</span> <span class='ocrx_word' id='word_1_180' title='bbox 607 2204 697 2248; x_wconf 89' lang='lat' dir='ltr'>causa</span> <span class='ocrx_word' id='word_1_181' title='bbox 727 2181 818 2248; x_wconf 89' lang='lat' dir='ltr'>etad</span> <span class='ocrx_word' id='word_1_182' title='bbox 842 2194 970 2250; x_wconf 92' lang='lat' dir='ltr'>tuorum</span> <span class='ocrx_word' id='word_1_183' title='bbox 998 2182 1046 2249; x_wconf 80' lang='lat' dir='ltr'>laic</span> <span class='ocrx_word' id='word_1_184' title='bbox 1072 2181 1257 2270; x_wconf 88' lang='lat' dir='ltr'>degentium</span> <span class='ocrx_word' id='word_1_185' title='bbox 1282 2182 1470 2270; x_wconf 89' lang='lat' dir='ltr'>petitionem</span> <span class='ocrx_word' id='word_1_186' title='bbox 1501 2203 1611 2248; x_wconf 89' lang='lat' dir='ltr'>causae</span> <span class='ocrx_word' id='word_1_187' title='bbox 1637 2180 1736 2247; x_wconf 89' lang='lat' dir='ltr'>huius-</span> 
     </span>
     <span class='ocr_line' id='line_1_19' title="bbox 366 2284 1735 2376; baseline 0 -24"><span class='ocrx_word' id='word_1_188' title='bbox 366 2284 455 2352; x_wconf 93' lang='lat' dir='ltr'>modi</span> <span class='ocrx_word' id='word_1_189' title='bbox 469 2285 705 2375; x_wconf 88' lang='lat' dir='ltr'>expeditionem</span> <span class='ocrx_word' id='word_1_190' title='bbox 725 2288 847 2376; x_wconf 88' lang='lat' dir='ltr'>saepius</span> <span class='ocrx_word' id='word_1_191' title='bbox 864 2309 1063 2374; x_wconf 87' lang='lat' dir='ltr'>prorogasse,</span> <span class='ocrx_word' id='word_1_192' title='bbox 1081 2287 1323 2354; x_wconf 86' lang='lat' dir='ltr'>reclamantibus</span> <span class='ocrx_word' id='word_1_193' title='bbox 1339 2289 1467 2374; x_wconf 87' lang='lat' dir='ltr'>reginae</span> <span class='ocrx_word' id='word_1_194' title='bbox 1484 2285 1735 2374; x_wconf 86' lang='lat' dir='ltr'>procuratoribus</span> 
     </span>
     <span class='ocr_line' id='line_1_20' title="bbox 367 2392 1075 2482; baseline 0.001 -23"><span class='ocrx_word' id='word_1_195' title='bbox 367 2403 397 2458; x_wconf 89' lang='lat' dir='ltr'>et</span> <span class='ocrx_word' id='word_1_196' title='bbox 421 2393 569 2460; x_wconf 89' lang='lat' dir='ltr'>iustitiam</span> <span class='ocrx_word' id='word_1_197' title='bbox 594 2417 610 2460; x_wconf 90' lang='lat' dir='ltr'>a</span> <span class='ocrx_word' id='word_1_198' title='bbox 634 2392 726 2460; x_wconf 91' lang='lat' dir='ltr'>nobis</span> <span class='ocrx_word' id='word_1_199' title='bbox 751 2395 843 2460; x_wconf 88' lang='lat' dir='ltr'>enixe</span> <span class='ocrx_word' id='word_1_200' title='bbox 866 2393 1075 2482; x_wconf 80' lang='lat' dir='ltr'>petentibus¹</span> 
     </span>
    </p>

    <p class='ocr_par' dir='ltr' id='par_1_3' title="bbox 365 2497 1737 3646">
     <span class='ocr_line' id='line_1_21' title="bbox 472 2497 1735 2588; baseline -0.002 -22"><span class='ocrx_word' id='word_1_201' title='bbox 472 2499 565 2580; x_wconf 89' lang='lat' dir='ltr'>Quae</span> <span class='ocrx_word' id='word_1_202' title='bbox 589 2523 661 2568; x_wconf 91' lang='lat' dir='ltr'>cum</span> <span class='ocrx_word' id='word_1_203' title='bbox 686 2501 727 2566; x_wconf 91' lang='lat' dir='ltr'>ita</span> <span class='ocrx_word' id='word_1_204' title='bbox 751 2500 823 2581; x_wconf 90' lang='lat' dir='ltr'>sint,</span> <span class='ocrx_word' id='word_1_205' title='bbox 848 2497 955 2566; x_wconf 88' lang='lat' dir='ltr'>videre</span> <span class='ocrx_word' id='word_1_206' title='bbox 978 2511 1080 2588; x_wconf 90' lang='lat' dir='ltr'>potes,</span> <span class='ocrx_word' id='word_1_207' title='bbox 1104 2500 1129 2566; x_wconf 89' lang='lat' dir='ltr'>si</span> <span class='ocrx_word' id='word_1_208' title='bbox 1154 2499 1192 2566; x_wconf 90' lang='lat' dir='ltr'>ad</span> <span class='ocrx_word' id='word_1_209' title='bbox 1216 2499 1375 2566; x_wconf 87' lang='lat' dir='ltr'>arbitrium</span> <span class='ocrx_word' id='word_1_210' title='bbox 1401 2499 1543 2566; x_wconf 87' lang='lat' dir='ltr'>Caesaris</span> <span class='ocrx_word' id='word_1_211' title='bbox 1568 2499 1618 2565; x_wconf 88' lang='lat' dir='ltr'>vel</span> <span class='ocrx_word' id='word_1_212' title='bbox 1634 2499 1735 2587; x_wconf 89' lang='lat' dir='ltr'>potius</span> 
     </span>
     <span class='ocr_line' id='line_1_22' title="bbox 366 2603 1735 2693; baseline -0.001 -22"><span class='ocrx_word' id='word_1_213' title='bbox 366 2623 455 2671; x_wconf 91' lang='lat' dir='ltr'>tuum</span> <span class='ocrx_word' id='word_1_214' title='bbox 480 2607 738 2693; x_wconf 87' lang='lat' dir='ltr'>processerimus.</span> <span class='ocrx_word' id='word_1_215' title='bbox 787 2605 837 2674; x_wconf 81' lang='lat' dir='ltr'>Ad</span> <span class='ocrx_word' id='word_1_216' title='bbox 861 2606 999 2673; x_wconf 91' lang='lat' dir='ltr'>rationes</span> <span class='ocrx_word' id='word_1_217' title='bbox 1029 2629 1106 2672; x_wconf 88' lang='lat' dir='ltr'>vero</span> <span class='ocrx_word' id='word_1_218' title='bbox 1134 2618 1218 2686; x_wconf 90' lang='lat' dir='ltr'>tuas,</span> <span class='ocrx_word' id='word_1_219' title='bbox 1246 2604 1359 2693; x_wconf 92' lang='lat' dir='ltr'>quibus</span> <span class='ocrx_word' id='word_1_220' title='bbox 1388 2603 1520 2692; x_wconf 90' lang='lat' dir='ltr'>probare</span> <span class='ocrx_word' id='word_1_221' title='bbox 1549 2606 1672 2682; x_wconf 88' lang='lat' dir='ltr'>niteris,</span> <span class='ocrx_word' id='word_1_222' title='bbox 1701 2627 1735 2670; x_wconf 86' lang='lat' dir='ltr'>ex</span> 
     </span>
     <span class='ocr_line' id='line_1_23' title="bbox 366 2711 1735 2800; baseline 0 -23"><span class='ocrx_word' id='word_1_223' title='bbox 366 2712 539 2798; x_wconf 89' lang='lat' dir='ltr'>praeteritis</span> <span class='ocrx_word' id='word_1_224' title='bbox 563 2713 660 2800; x_wconf 88' lang='lat' dir='ltr'>gestis</span> <span class='ocrx_word' id='word_1_225' title='bbox 683 2713 757 2780; x_wconf 86' lang='lat' dir='ltr'>satis</span> <span class='ocrx_word' id='word_1_226' title='bbox 781 2734 940 2800; x_wconf 87' lang='lat' dir='ltr'>apparere,</span> <span class='ocrx_word' id='word_1_227' title='bbox 965 2713 996 2778; x_wconf 92' lang='lat' dir='ltr'>in</span> <span class='ocrx_word' id='word_1_228' title='bbox 1021 2735 1122 2800; x_wconf 85' lang='lat' dir='ltr'>regno</span> <span class='ocrx_word' id='word_1_229' title='bbox 1141 2711 1273 2799; x_wconf 83' lang='lat' dir='ltr'>Angliae</span> <span class='ocrx_word' id='word_1_230' title='bbox 1291 2711 1396 2778; x_wconf 89' lang='lat' dir='ltr'>locum</span> <span class='ocrx_word' id='word_1_231' title='bbox 1415 2733 1484 2778; x_wconf 90' lang='lat' dir='ltr'>esse</span> <span class='ocrx_word' id='word_1_232' title='bbox 1508 2722 1625 2793; x_wconf 92' lang='lat' dir='ltr'>tutum,</span> <span class='ocrx_word' id='word_1_233' title='bbox 1648 2733 1735 2799; x_wconf 87' lang='lat' dir='ltr'>supra</span> 
     </span>
     <span class='ocr_line' id='line_1_24' title="bbox 365 2815 1736 2907; baseline -0.001 -25"><span class='ocrx_word' id='word_1_234' title='bbox 365 2816 604 2904; x_wconf 90' lang='lat' dir='ltr'>respondimus;</span> <span class='ocrx_word' id='word_1_235' title='bbox 628 2817 755 2907; x_wconf 88' lang='lat' dir='ltr'>quodsi</span> <span class='ocrx_word' id='word_1_236' title='bbox 773 2817 827 2885; x_wconf 89' lang='lat' dir='ltr'>tibi</span> <span class='ocrx_word' id='word_1_237' title='bbox 845 2816 999 2886; x_wconf 91' lang='lat' dir='ltr'>arbitraris</span> <span class='ocrx_word' id='word_1_238' title='bbox 1024 2818 1160 2884; x_wconf 88' lang='lat' dir='ltr'>omnino</span> <span class='ocrx_word' id='word_1_239' title='bbox 1177 2815 1290 2884; x_wconf 88' lang='lat' dir='ltr'>factam</span> <span class='ocrx_word' id='word_1_240' title='bbox 1308 2817 1463 2898; x_wconf 87' lang='lat' dir='ltr'>iniuriam,</span> <span class='ocrx_word' id='word_1_241' title='bbox 1487 2815 1599 2884; x_wconf 91' lang='lat' dir='ltr'>eadem</span> <span class='ocrx_word' id='word_1_242' title='bbox 1617 2817 1736 2882; x_wconf 89' lang='lat' dir='ltr'>ratione</span> 
     </span>
     <span class='ocr_line' id='line_1_25' title="bbox 367 2920 1737 3012; baseline -0.003 -22"><span class='ocrx_word' id='word_1_243' title='bbox 367 2921 492 3005; x_wconf 88' lang='lat' dir='ltr'>Caesar,</span> <span class='ocrx_word' id='word_1_244' title='bbox 517 2947 612 3012; x_wconf 90' lang='lat' dir='ltr'>quem</span> <span class='ocrx_word' id='word_1_245' title='bbox 636 2937 670 2990; x_wconf 94' lang='lat' dir='ltr'>tu</span> <span class='ocrx_word' id='word_1_246' title='bbox 694 2937 815 3012; x_wconf 89' lang='lat' dir='ltr'>partem</span> <span class='ocrx_word' id='word_1_247' title='bbox 840 2923 954 3012; x_wconf 83' lang='lat' dir='ltr'>allegas</span> <span class='ocrx_word' id='word_1_248' title='bbox 978 2947 1047 2990; x_wconf 87' lang='lat' dir='ltr'>esse</span> <span class='ocrx_word' id='word_1_249' title='bbox 1072 2925 1102 2989; x_wconf 92' lang='lat' dir='ltr'>in</span> <span class='ocrx_word' id='word_1_250' title='bbox 1128 2924 1185 2991; x_wconf 86' lang='lat' dir='ltr'>hac</span> <span class='ocrx_word' id='word_1_251' title='bbox 1202 2946 1303 3004; x_wconf 90' lang='lat' dir='ltr'>causa,</span> <span class='ocrx_word' id='word_1_252' title='bbox 1328 2923 1474 2989; x_wconf 87' lang='lat' dir='ltr'>iniuriam</span> <span class='ocrx_word' id='word_1_253' title='bbox 1491 2921 1548 2990; x_wconf 90' lang='lat' dir='ltr'>sibi</span> <span class='ocrx_word' id='word_1_254' title='bbox 1569 2920 1639 2989; x_wconf 89' lang='lat' dir='ltr'>fieri</span> <span class='ocrx_word' id='word_1_255' title='bbox 1663 2921 1737 2988; x_wconf 91' lang='lat' dir='ltr'>arbi-</span> 
     </span>
     <span class='ocr_line' id='line_1_26' title="bbox 367 3025 1737 3119; baseline -0.001 -25"><span class='ocrx_word' id='word_1_256' title='bbox 367 3025 506 3110; x_wconf 90' lang='lat' dir='ltr'>trabitur,</span> <span class='ocrx_word' id='word_1_257' title='bbox 531 3030 555 3094; x_wconf 90' lang='lat' dir='ltr'>si</span> <span class='ocrx_word' id='word_1_258' title='bbox 579 3041 740 3119; x_wconf 88' lang='lat' dir='ltr'>tamquam</span> <span class='ocrx_word' id='word_1_259' title='bbox 766 3027 878 3096; x_wconf 87' lang='lat' dir='ltr'>fovens</span> <span class='ocrx_word' id='word_1_260' title='bbox 893 3030 1046 3115; x_wconf 76' lang='lat' dir='ltr'>liniastam</span> <span class='ocrx_word' id='word_1_261' title='bbox 1064 3051 1189 3096; x_wconf 88' lang='lat' dir='ltr'>causam</span> <span class='ocrx_word' id='word_1_262' title='bbox 1207 3029 1372 3096; x_wconf 89' lang='lat' dir='ltr'>reiiciatur.</span> <span class='ocrx_word' id='word_1_263' title='bbox 1412 3027 1449 3094; x_wconf 86' lang='lat' dir='ltr'>Et</span> <span class='ocrx_word' id='word_1_264' title='bbox 1464 3040 1633 3116; x_wconf 89' lang='lat' dir='ltr'>propterea</span> <span class='ocrx_word' id='word_1_265' title='bbox 1649 3025 1737 3095; x_wconf 92' lang='lat' dir='ltr'>decet</span> 
     </span>
     <span class='ocr_line' id='line_1_27' title="bbox 367 3133 1736 3222; baseline -0.001 -23"><span class='ocrx_word' id='word_1_266' title='bbox 367 3155 427 3200; x_wconf 92' lang='lat' dir='ltr'>nos</span> <span class='ocrx_word' id='word_1_267' title='bbox 452 3157 490 3201; x_wconf 91' lang='lat' dir='ltr'>ex</span> <span class='ocrx_word' id='word_1_268' title='bbox 518 3134 663 3222; x_wconf 87' lang='lat' dir='ltr'>pastorali</span> <span class='ocrx_word' id='word_1_269' title='bbox 693 3133 801 3203; x_wconf 89' lang='lat' dir='ltr'>officio</span> <span class='ocrx_word' id='word_1_270' title='bbox 832 3158 890 3202; x_wconf 89' lang='lat' dir='ltr'>nec</span> <span class='ocrx_word' id='word_1_271' title='bbox 915 3134 953 3201; x_wconf 91' lang='lat' dir='ltr'>ad</span> <span class='ocrx_word' id='word_1_272' title='bbox 982 3133 1143 3202; x_wconf 89' lang='lat' dir='ltr'>dexteram</span> <span class='ocrx_word' id='word_1_273' title='bbox 1174 3157 1233 3201; x_wconf 92' lang='lat' dir='ltr'>nec</span> <span class='ocrx_word' id='word_1_274' title='bbox 1257 3134 1296 3201; x_wconf 87' lang='lat' dir='ltr'>ad</span> <span class='ocrx_word' id='word_1_275' title='bbox 1323 3135 1479 3201; x_wconf 86' lang='lat' dir='ltr'>sinistram</span> <span class='ocrx_word' id='word_1_276' title='bbox 1510 3133 1611 3210; x_wconf 79' lang='lat' dir='ltr'>flecti,</span> <span class='ocrx_word' id='word_1_277' title='bbox 1639 3133 1695 3200; x_wconf 89' lang='lat' dir='ltr'>sed</span> <span class='ocrx_word' id='word_1_278' title='bbox 1722 3155 1736 3198; x_wconf 89' lang='lat' dir='ltr'>a</span> 
     </span>
     <span class='ocr_line' id='line_1_28' title="bbox 367 3237 1737 3309; baseline -0.001 -3"><span class='ocrx_word' id='word_1_279' title='bbox 367 3241 501 3308; x_wconf 90' lang='lat' dir='ltr'>iustitiae</span> <span class='ocrx_word' id='word_1_280' title='bbox 523 3241 647 3308; x_wconf 87' lang='lat' dir='ltr'>tramite</span> <span class='ocrx_word' id='word_1_281' title='bbox 672 3265 737 3308; x_wconf 91' lang='lat' dir='ltr'>non</span> <span class='ocrx_word' id='word_1_282' title='bbox 762 3240 942 3309; x_wconf 88' lang='lat' dir='ltr'>recedendo</span> <span class='ocrx_word' id='word_1_283' title='bbox 968 3241 1148 3308; x_wconf 90' lang='lat' dir='ltr'>inviolatam</span> <span class='ocrx_word' id='word_1_284' title='bbox 1174 3241 1322 3308; x_wconf 89' lang='lat' dir='ltr'>iustitiam</span> <span class='ocrx_word' id='word_1_285' title='bbox 1347 3262 1535 3307; x_wconf 86' lang='lat' dir='ltr'>conservare</span> <span class='ocrx_word' id='word_1_286' title='bbox 1560 3240 1644 3307; x_wconf 88' lang='lat' dir='ltr'>iuxta</span> <span class='ocrx_word' id='word_1_287' title='bbox 1666 3237 1737 3306; x_wconf 93' lang='lat' dir='ltr'>illud</span> 
     </span>
     <span class='ocr_line' id='line_1_29' title="bbox 367 3343 1737 3436; baseline -0.001 -24"><span class='ocrx_word' id='word_1_288' title='bbox 367 3346 591 3436; x_wconf 87' lang='lat' dir='ltr'>Apocalypsis:</span> <span class='ocrx_word' id='word_1_289' title='bbox 617 3347 660 3414; x_wconf 85' lang='lat' dir='ltr'>Ex</span> <span class='ocrx_word' id='word_1_290' title='bbox 686 3369 741 3414; x_wconf 92' lang='lat' dir='ltr'>ore</span> <span class='ocrx_word' id='word_1_291' title='bbox 766 3346 904 3414; x_wconf 90' lang='lat' dir='ltr'>sedentis</span> <span class='ocrx_word' id='word_1_292' title='bbox 929 3347 959 3412; x_wconf 91' lang='lat' dir='ltr'>in</span> <span class='ocrx_word' id='word_1_293' title='bbox 983 3346 1102 3416; x_wconf 89' lang='lat' dir='ltr'>throno</span> <span class='ocrx_word' id='word_1_294' title='bbox 1127 3345 1271 3434; x_wconf 89' lang='lat' dir='ltr'>procedit</span> <span class='ocrx_word' id='word_1_295' title='bbox 1294 3344 1414 3434; x_wconf 83' lang='lat' dir='ltr'>gladius</span> <span class='ocrx_word' id='word_1_296' title='bbox 1438 3345 1485 3413; x_wconf 92' lang='lat' dir='ltr'>bis</span> <span class='ocrx_word' id='word_1_297' title='bbox 1508 3357 1629 3428; x_wconf 90' lang='lat' dir='ltr'>acutus,</span> <span class='ocrx_word' id='word_1_298' title='bbox 1653 3343 1737 3436; x_wconf 92' lang='lat' dir='ltr'>quod</span> 
     </span>
     <span class='ocr_line' id='line_1_30' title="bbox 367 3449 1736 3542; baseline -0.002 -23"><span class='ocrx_word' id='word_1_299' title='bbox 367 3475 506 3520; x_wconf 89' lang='lat' dir='ltr'>canones</span> <span class='ocrx_word' id='word_1_300' title='bbox 530 3453 774 3542; x_wconf 76' lang='lat' dir='ltr'>interpretantur</span> <span class='ocrx_word' id='word_1_301' title='bbox 797 3450 928 3540; x_wconf 85' lang='lat' dir='ltr'>intelligi</span> <span class='ocrx_word' id='word_1_302' title='bbox 945 3451 1059 3520; x_wconf 90' lang='lat' dir='ltr'>debere</span> <span class='ocrx_word' id='word_1_303' title='bbox 1084 3451 1123 3520; x_wconf 94' lang='lat' dir='ltr'>de</span> <span class='ocrx_word' id='word_1_304' title='bbox 1139 3452 1296 3519; x_wconf 90' lang='lat' dir='ltr'>sententia</span> <span class='ocrx_word' id='word_1_305' title='bbox 1320 3453 1397 3520; x_wconf 90' lang='lat' dir='ltr'>recti</span> <span class='ocrx_word' id='word_1_306' title='bbox 1413 3449 1535 3532; x_wconf 88' lang='lat' dir='ltr'>iudicis,</span> <span class='ocrx_word' id='word_1_307' title='bbox 1559 3451 1612 3540; x_wconf 92' lang='lat' dir='ltr'>qui</span> <span class='ocrx_word' id='word_1_308' title='bbox 1629 3469 1736 3518; x_wconf 86' lang='lat' dir='ltr'>contra</span> 
     </span>
     <span class='ocr_line' id='line_1_31' title="bbox 367 3557 939 3646; baseline 0.002 -23"><span class='ocrx_word' id='word_1_309' title='bbox 367 3557 515 3626; x_wconf 88' lang='lat' dir='ltr'>iustitiam</span> <span class='ocrx_word' id='word_1_310' title='bbox 539 3559 661 3626; x_wconf 89' lang='lat' dir='ltr'>nemini</span> <span class='ocrx_word' id='word_1_311' title='bbox 687 3557 779 3626; x_wconf 89' lang='lat' dir='ltr'>debet</span> <span class='ocrx_word' id='word_1_312' title='bbox 802 3580 939 3646; x_wconf 88' lang='lat' dir='ltr'>parcere.</span> 
     </span>
    </p>

    <p class='ocr_par' dir='ltr' id='par_1_4' title="bbox 368 3661 1737 4712">
     <span class='ocr_line' id='line_1_32' title="bbox 472 3661 1733 3754; baseline 0 -24"><span class='ocrx_word' id='word_1_313' title='bbox 472 3662 552 3731; x_wconf 92' lang='lat' dir='ltr'>Illud</span> <span class='ocrx_word' id='word_1_314' title='bbox 573 3664 658 3754; x_wconf 93' lang='lat' dir='ltr'>quod</span> <span class='ocrx_word' id='word_1_315' title='bbox 683 3662 770 3745; x_wconf 90' lang='lat' dir='ltr'>dicis,</span> <span class='ocrx_word' id='word_1_316' title='bbox 794 3686 855 3731; x_wconf 90' lang='lat' dir='ltr'>nos</span> <span class='ocrx_word' id='word_1_317' title='bbox 879 3663 1090 3752; x_wconf 87' lang='lat' dir='ltr'>impedivisse‚</span> <span class='ocrx_word' id='word_1_318' title='bbox 1115 3687 1155 3731; x_wconf 89' lang='lat' dir='ltr'>ne</span> <span class='ocrx_word' id='word_1_319' title='bbox 1180 3665 1248 3752; x_wconf 92' lang='lat' dir='ltr'>quis</span> <span class='ocrx_word' id='word_1_320' title='bbox 1273 3664 1464 3731; x_wconf 86' lang='lat' dir='ltr'>sententiam</span> <span class='ocrx_word' id='word_1_321' title='bbox 1488 3662 1584 3730; x_wconf 87' lang='lat' dir='ltr'>libere</span> <span class='ocrx_word' id='word_1_322' title='bbox 1608 3661 1733 3741; x_wconf 89' lang='lat' dir='ltr'>diceret,</span> 
     </span>
     <span class='ocr_line' id='line_1_33' title="bbox 368 3767 1736 3858; baseline -0.002 -22"><span class='ocrx_word' id='word_1_323' title='bbox 368 3793 540 3858; x_wconf 87' lang='lat' dir='ltr'>numquam</span> <span class='ocrx_word' id='word_1_324' title='bbox 572 3767 714 3852; x_wconf 91' lang='lat' dir='ltr'>fecimus,</span> <span class='ocrx_word' id='word_1_325' title='bbox 744 3793 802 3837; x_wconf 89' lang='lat' dir='ltr'>nec</span> <span class='ocrx_word' id='word_1_326' title='bbox 832 3770 949 3836; x_wconf 92' lang='lat' dir='ltr'>scimus</span> <span class='ocrx_word' id='word_1_327' title='bbox 978 3769 1098 3858; x_wconf 87' lang='lat' dir='ltr'>aliquos</span> <span class='ocrx_word' id='word_1_328' title='bbox 1123 3793 1138 3836; x_wconf 91' lang='lat' dir='ltr'>a</span> <span class='ocrx_word' id='word_1_329' title='bbox 1168 3767 1335 3838; x_wconf 87' lang='lat' dir='ltr'>scribendo</span> <span class='ocrx_word' id='word_1_330' title='bbox 1363 3769 1524 3850; x_wconf 81' lang='lat' dir='ltr'>territos¹3</span> <span class='ocrx_word' id='word_1_331' title='bbox 1561 3767 1635 3836; x_wconf 90' lang='lat' dir='ltr'>illud</span> <span class='ocrx_word' id='word_1_332' title='bbox 1662 3791 1736 3834; x_wconf 86' lang='lat' dir='ltr'>vero</span> 
     </span>
     <span class='ocr_line' id='line_1_34' title="bbox 368 3873 1736 3966; baseline -0.003 -24"><span class='ocrx_word' id='word_1_333' title='bbox 368 3877 505 3942; x_wconf 87' lang='lat' dir='ltr'>maxime</span> <span class='ocrx_word' id='word_1_334' title='bbox 530 3875 686 3964; x_wconf 88' lang='lat' dir='ltr'>displicet,</span> <span class='ocrx_word' id='word_1_335' title='bbox 715 3875 801 3966; x_wconf 94' lang='lat' dir='ltr'>quod</span> <span class='ocrx_word' id='word_1_336' title='bbox 824 3874 997 3943; x_wconf 87' lang='lat' dir='ltr'>scribentes</span> <span class='ocrx_word' id='word_1_337' title='bbox 1020 3873 1204 3943; x_wconf 92' lang='lat' dir='ltr'>huiusmodi</span> <span class='ocrx_word' id='word_1_338' title='bbox 1231 3876 1345 3964; x_wconf 88' lang='lat' dir='ltr'>scripta</span> <span class='ocrx_word' id='word_1_339' title='bbox 1369 3899 1424 3942; x_wconf 91' lang='lat' dir='ltr'>sua</span> <span class='ocrx_word' id='word_1_340' title='bbox 1447 3899 1483 3942; x_wconf 88' lang='lat' dir='ltr'>ac</span> <span class='ocrx_word' id='word_1_341' title='bbox 1508 3878 1646 3942; x_wconf 88' lang='lat' dir='ltr'>rationes</span> <span class='ocrx_word' id='word_1_342' title='bbox 1669 3897 1736 3940; x_wconf 91' lang='lat' dir='ltr'>suas</span> 
     </span>
     <span class='ocr_line' id='line_1_35' title="bbox 369 3978 1735 4069; baseline -0.002 -22"><span class='ocrx_word' id='word_1_343' title='bbox 369 3980 460 4048; x_wconf 91' lang='lat' dir='ltr'>nobis</span> <span class='ocrx_word' id='word_1_344' title='bbox 489 4005 555 4048; x_wconf 92' lang='lat' dir='ltr'>non</span> <span class='ocrx_word' id='word_1_345' title='bbox 585 3980 797 4062; x_wconf 88' lang='lat' dir='ltr'>ostenderint,</span> <span class='ocrx_word' id='word_1_346' title='bbox 831 3995 864 4049; x_wconf 91' lang='lat' dir='ltr'>ut</span> <span class='ocrx_word' id='word_1_347' title='bbox 898 3982 1049 4048; x_wconf 89' lang='lat' dir='ltr'>maturius</span> <span class='ocrx_word' id='word_1_348' title='bbox 1084 3983 1113 4046; x_wconf 90' lang='lat' dir='ltr'>in</span> <span class='ocrx_word' id='word_1_349' title='bbox 1147 3980 1203 4048; x_wconf 88' lang='lat' dir='ltr'>hac</span> <span class='ocrx_word' id='word_1_350' title='bbox 1239 4004 1331 4048; x_wconf 85' lang='lat' dir='ltr'>causa</span> <span class='ocrx_word' id='word_1_351' title='bbox 1359 3978 1532 4069; x_wconf 91' lang='lat' dir='ltr'>procedere</span> <span class='ocrx_word' id='word_1_352' title='bbox 1561 4001 1735 4068; x_wconf 88' lang='lat' dir='ltr'>possemus.</span> 
     </span>
     <span class='ocr_line' id='line_1_36' title="bbox 368 4085 1735 4176; baseline -0.003 -22"><span class='ocrx_word' id='word_1_353' title='bbox 368 4085 469 4168; x_wconf 93' lang='lat' dir='ltr'>Quod</span> <span class='ocrx_word' id='word_1_354' title='bbox 501 4088 527 4153; x_wconf 91' lang='lat' dir='ltr'>si</span> <span class='ocrx_word' id='word_1_355' title='bbox 552 4087 721 4154; x_wconf 90' lang='lat' dir='ltr'>Caesarem</span> <span class='ocrx_word' id='word_1_356' title='bbox 745 4089 856 4155; x_wconf 90' lang='lat' dir='ltr'>asseris</span> <span class='ocrx_word' id='word_1_357' title='bbox 880 4085 1037 4166; x_wconf 86' lang='lat' dir='ltr'>intulisse,</span> <span class='ocrx_word' id='word_1_358' title='bbox 1066 4085 1153 4176; x_wconf 91' lang='lat' dir='ltr'>quod</span> <span class='ocrx_word' id='word_1_359' title='bbox 1183 4089 1356 4168; x_wconf 91' lang='lat' dir='ltr'>nescimus,</span> <span class='ocrx_word' id='word_1_360' title='bbox 1384 4086 1415 4153; x_wconf 95' lang='lat' dir='ltr'>id</span> <span class='ocrx_word' id='word_1_361' title='bbox 1445 4105 1567 4173; x_wconf 88' lang='lat' dir='ltr'>praeter</span> <span class='ocrx_word' id='word_1_362' title='bbox 1596 4095 1735 4152; x_wconf 89' lang='lat' dir='ltr'>nostram</span> 
     </span>
     <span class='ocr_line' id='line_1_37' title="bbox 368 4188 1736 4282; baseline -0.002 -24"><span class='ocrx_word' id='word_1_363' title='bbox 368 4191 564 4261; x_wconf 90' lang='lat' dir='ltr'>voluntatem</span> <span class='ocrx_word' id='word_1_364' title='bbox 587 4191 676 4276; x_wconf 91' lang='lat' dir='ltr'>fecit;</span> <span class='ocrx_word' id='word_1_365' title='bbox 701 4217 799 4260; x_wconf 92' lang='lat' dir='ltr'>unum</span> <span class='ocrx_word' id='word_1_366' title='bbox 823 4205 929 4260; x_wconf 92' lang='lat' dir='ltr'>tamen</span> <span class='ocrx_word' id='word_1_367' title='bbox 955 4215 1020 4258; x_wconf 87' lang='lat' dir='ltr'>non</span> <span class='ocrx_word' id='word_1_368' title='bbox 1046 4193 1241 4273; x_wconf 90' lang='lat' dir='ltr'>omittamus,</span> <span class='ocrx_word' id='word_1_369' title='bbox 1265 4192 1352 4282; x_wconf 93' lang='lat' dir='ltr'>quod</span> <span class='ocrx_word' id='word_1_370' title='bbox 1375 4193 1482 4259; x_wconf 90' lang='lat' dir='ltr'>sinos</span> <span class='ocrx_word' id='word_1_371' title='bbox 1506 4193 1548 4259; x_wconf 90' lang='lat' dir='ltr'>ita</span> <span class='ocrx_word' id='word_1_372' title='bbox 1563 4188 1651 4257; x_wconf 83' lang='lat' dir='ltr'>facile</span> <span class='ocrx_word' id='word_1_373' title='bbox 1675 4211 1736 4256; x_wconf 89' lang='lat' dir='ltr'>cre·</span> 
     </span>
     <span class='ocr_line' id='line_1_38' title="bbox 369 4293 1734 4388; baseline -0.004 -22"><span class='ocrx_word' id='word_1_374' title='bbox 369 4299 515 4366; x_wconf 90' lang='lat' dir='ltr'>deremus</span> <span class='ocrx_word' id='word_1_375' title='bbox 540 4299 597 4380; x_wconf 90' lang='lat' dir='ltr'>his,</span> <span class='ocrx_word' id='word_1_376' title='bbox 621 4300 674 4388; x_wconf 92' lang='lat' dir='ltr'>qui</span> <span class='ocrx_word' id='word_1_377' title='bbox 699 4317 808 4366; x_wconf 86' lang='lat' dir='ltr'>eontra</span> <span class='ocrx_word' id='word_1_378' title='bbox 831 4311 862 4366; x_wconf 91' lang='lat' dir='ltr'>te</span> <span class='ocrx_word' id='word_1_379' title='bbox 886 4297 1073 4387; x_wconf 91' lang='lat' dir='ltr'>loquuntur,</span> <span class='ocrx_word' id='word_1_380' title='bbox 1105 4299 1185 4366; x_wconf 91' lang='lat' dir='ltr'>sicut</span> <span class='ocrx_word' id='word_1_381' title='bbox 1211 4311 1242 4366; x_wconf 89' lang='lat' dir='ltr'>te</span> <span class='ocrx_word' id='word_1_382' title='bbox 1272 4297 1372 4365; x_wconf 88' lang='lat' dir='ltr'>facere</span> <span class='ocrx_word' id='word_1_383' title='bbox 1397 4297 1436 4366; x_wconf 90' lang='lat' dir='ltr'>de</span> <span class='ocrx_word' id='word_1_384' title='bbox 1460 4297 1552 4364; x_wconf 93' lang='lat' dir='ltr'>nobis</span> <span class='ocrx_word' id='word_1_385' title='bbox 1580 4293 1734 4363; x_wconf 90' lang='lat' dir='ltr'>ostendis:</span> 
     </span>
     <span class='ocr_line' id='line_1_39' title="bbox 369 4402 1735 4494; baseline -0.003 -24"><span class='ocrx_word' id='word_1_386' title='bbox 369 4428 435 4472; x_wconf 92' lang='lat' dir='ltr'>non</span> <span class='ocrx_word' id='word_1_387' title='bbox 459 4402 583 4486; x_wconf 89' lang='lat' dir='ltr'>desunt,</span> <span class='ocrx_word' id='word_1_388' title='bbox 608 4406 660 4494; x_wconf 94' lang='lat' dir='ltr'>qui</span> <span class='ocrx_word' id='word_1_389' title='bbox 690 4419 843 4486; x_wconf 91' lang='lat' dir='ltr'>asserant,</span> <span class='ocrx_word' id='word_1_390' title='bbox 880 4427 1028 4492; x_wconf 87' lang='lat' dir='ltr'>magnam</span> <span class='ocrx_word' id='word_1_391' title='bbox 1053 4405 1205 4492; x_wconf 90' lang='lat' dir='ltr'>pecuniae</span> <span class='ocrx_word' id='word_1_392' title='bbox 1233 4405 1439 4492; x_wconf 86' lang='lat' dir='ltr'>quantitatem</span> <span class='ocrx_word' id='word_1_393' title='bbox 1469 4405 1500 4470; x_wconf 94' lang='lat' dir='ltr'>in</span> <span class='ocrx_word' id='word_1_394' title='bbox 1524 4403 1643 4470; x_wconf 86' lang='lat' dir='ltr'>Italiam</span> <span class='ocrx_word' id='word_1_395' title='bbox 1667 4425 1684 4467; x_wconf 91' lang='lat' dir='ltr'>a</span> <span class='ocrx_word' id='word_1_396' title='bbox 1706 4420 1735 4467; x_wconf 87' lang='lat' dir='ltr'>te</span> 
     </span>
     <span class='ocr_line' id='line_1_40' title="bbox 368 4503 1737 4600; baseline -0.005 -22"><span class='ocrx_word' id='word_1_397' title='bbox 368 4512 583 4578; x_wconf 90' lang='lat' dir='ltr'>transmissam</span> <span class='ocrx_word' id='word_1_398' title='bbox 613 4510 651 4579; x_wconf 90' lang='lat' dir='ltr'>ad</span> <span class='ocrx_word' id='word_1_399' title='bbox 680 4510 877 4592; x_wconf 89' lang='lat' dir='ltr'>alliciendos,</span> <span class='ocrx_word' id='word_1_400' title='bbox 907 4511 981 4600; x_wconf 90' lang='lat' dir='ltr'>quin</span> <span class='ocrx_word' id='word_1_401' title='bbox 1011 4511 1117 4598; x_wconf 92' lang='lat' dir='ltr'>potius</span> <span class='ocrx_word' id='word_1_402' title='bbox 1146 4508 1398 4597; x_wconf 89' lang='lat' dir='ltr'>corrumpendos</span> <span class='ocrx_word' id='word_1_403' title='bbox 1432 4508 1619 4590; x_wconf 89' lang='lat' dir='ltr'>scribentes,</span> <span class='ocrx_word' id='word_1_404' title='bbox 1653 4503 1737 4596; x_wconf 92' lang='lat' dir='ltr'>quod</span> 
     </span>
     <span class='ocr_line' id='line_1_41' title="bbox 368 4614 1241 4712; baseline -0.003 -28"><span class='ocrx_word' id='word_1_405' title='bbox 368 4630 474 4684; x_wconf 90' lang='lat' dir='ltr'>tamen</span> <span class='ocrx_word' id='word_1_406' title='bbox 499 4615 591 4684; x_wconf 91' lang='lat' dir='ltr'>nobis</span> <span class='ocrx_word' id='word_1_407' title='bbox 615 4616 702 4684; x_wconf 92' lang='lat' dir='ltr'>nullo</span> <span class='ocrx_word' id='word_1_408' title='bbox 726 4614 826 4684; x_wconf 90' lang='lat' dir='ltr'>modo</span> <span class='ocrx_word' id='word_1_409' title='bbox 851 4615 1038 4703; x_wconf 88' lang='lat' dir='ltr'>persuadere</span> <span class='ocrx_word' id='word_1_410' title='bbox 1062 4638 1241 4712; x_wconf 67' lang='lat' dir='ltr'>possumus.</span> 
     </span>
    </p>
   </div>
   <div class='ocr_carea' id='block_1_3' title="bbox 368 4808 1732 5024">
    <p class='ocr_par' dir='ltr' id='par_1_5' title="bbox 368 4808 1732 5024">
     <span class='ocr_line' id='line_1_42' title="bbox 477 4808 1491 4881; baseline -0.005 -15"><span class='ocrx_word' id='word_1_411' title='bbox 477 4819 483 4849; x_wconf 90' lang='lat'><strong>¹</strong></span> <span class='ocrx_word' id='word_1_412' title='bbox 504 4811 529 4866; x_wconf 87' lang='lat' dir='ltr'>S.</span> <span class='ocrx_word' id='word_1_413' title='bbox 550 4812 620 4865; x_wconf 91' lang='lat' dir='ltr'>oben</span> <span class='ocrx_word' id='word_1_414' title='bbox 640 4809 685 4864; x_wconf 87' lang='lat' dir='ltr'>Nr.</span> <span class='ocrx_word' id='word_1_415' title='bbox 705 4811 739 4876; x_wconf 87' lang='lat'>84</span> <span class='ocrx_word' id='word_1_416' title='bbox 758 4810 804 4864; x_wconf 85' lang='lat' dir='ltr'>das</span> <span class='ocrx_word' id='word_1_417' title='bbox 823 4810 968 4864; x_wconf 84' lang='lat' dir='ltr'>Schreiben</span> <span class='ocrx_word' id='word_1_418' title='bbox 988 4809 1172 4881; x_wconf 85' lang='lat' dir='ltr'>Campeggios</span> <span class='ocrx_word' id='word_1_419' title='bbox 1192 4826 1256 4863; x_wconf 81' lang='lat' dir='ltr'>vom</span> <span class='ocrx_word' id='word_1_420' title='bbox 1276 4809 1317 4864; x_wconf 85' lang='lat'>26.</span> <span class='ocrx_word' id='word_1_421' title='bbox 1336 4808 1395 4879; x_wconf 89' lang='lat' dir='ltr'>Juni</span> <span class='ocrx_word' id='word_1_422' title='bbox 1418 4823 1491 4878; x_wconf 80' lang='lat'>¹530·</span> 
     </span>
     <span class='ocr_line' id='line_1_43' title="bbox 475 4875 1732 4952; baseline -0.006 -17"><span class='ocrx_word' id='word_1_423' title='bbox 475 4881 528 4936; x_wconf 76' lang='lat'>²8.</span> <span class='ocrx_word' id='word_1_424' title='bbox 547 4882 617 4934; x_wconf 86' lang='lat' dir='ltr'>oben</span> <span class='ocrx_word' id='word_1_425' title='bbox 637 4880 679 4934; x_wconf 88' lang='lat' dir='ltr'>dle</span> <span class='ocrx_word' id='word_1_426' title='bbox 699 4880 901 4952; x_wconf 84' lang='lat' dir='ltr'>Bemerlrungen</span> <span class='ocrx_word' id='word_1_427' title='bbox 921 4899 952 4934; x_wconf 92' lang='lat' dir='ltr'>zu</span> <span class='ocrx_word' id='word_1_428' title='bbox 971 4880 1023 4934; x_wconf 89' lang='lat' dir='ltr'>den</span> <span class='ocrx_word' id='word_1_429' title='bbox 1038 4879 1140 4934; x_wconf 88' lang='lat' dir='ltr'>Breven</span> <span class='ocrx_word' id='word_1_430' title='bbox 1159 4879 1206 4934; x_wconf 88' lang='lat' dir='ltr'>des</span> <span class='ocrx_word' id='word_1_431' title='bbox 1225 4879 1336 4950; x_wconf 88' lang='lat' dir='ltr'>Papstes</span> <span class='ocrx_word' id='word_1_432' title='bbox 1356 4895 1420 4934; x_wconf 88' lang='lat' dir='ltr'>vom</span> <span class='ocrx_word' id='word_1_433' title='bbox 1440 4893 1480 4936; x_wconf 87' lang='lat'>21.</span> <span class='ocrx_word' id='word_1_434' title='bbox 1500 4877 1553 4931; x_wconf 86' lang='lat' dir='ltr'>Mai</span> <span class='ocrx_word' id='word_1_435' title='bbox 1574 4877 1626 4931; x_wconf 93' lang='lat' dir='ltr'>und</span> <span class='ocrx_word' id='word_1_436' title='bbox 1644 4890 1668 4942; x_wconf 79' lang='grc'>4,</span> <span class='ocrx_word' id='word_1_437' title='bbox 1681 4875 1732 4929; x_wconf 83' lang='lat' dir='ltr'>au-</span> 
     </span>
     <span class='ocr_line' id='line_1_44' title="bbox 368 4949 1396 5024; baseline -0.003 -18"><span class='ocrx_word' id='word_1_438' title='bbox 368 4962 430 5024; x_wconf 82' lang='lat' dir='ltr'>gust</span> <span class='ocrx_word' id='word_1_439' title='bbox 452 4967 526 5022; x_wconf 78' lang='lat'>1530,</span> <span class='ocrx_word' id='word_1_440' title='bbox 546 4953 594 5005; x_wconf 88' lang='lat' dir='ltr'>mit</span> <span class='ocrx_word' id='word_1_441' title='bbox 613 4950 664 5005; x_wconf 88' lang='lat' dir='ltr'>den</span> <span class='ocrx_word' id='word_1_442' title='bbox 683 4950 777 5005; x_wconf 87' lang='lat' dir='ltr'>darauf</span> <span class='ocrx_word' id='word_1_443' title='bbox 794 4949 938 5023; x_wconf 87' lang='lat' dir='ltr'>folgenden</span> <span class='ocrx_word' id='word_1_444' title='bbox 958 4950 1099 5022; x_wconf 89' lang='lat' dir='ltr'>petitiones</span> <span class='ocrx_word' id='word_1_445' title='bbox 1118 4958 1255 5004; x_wconf 89' lang='lat' dir='ltr'>oratorum</span> <span class='ocrx_word' id='word_1_446' title='bbox 1275 4949 1396 5020; x_wconf 78' lang='lat' dir='ltr'>Angliae.</span> 
     </span>
    </p>
   </div>
   <div class='ocr_carea' id='block_1_4' title="bbox 0 0 1921 5528">
    <p class='ocr_par' dir='ltr' id='par_1_6' title="bbox 0 0 1921 5528">
     <span class='ocr_line' id='line_1_45' title="bbox 0 0 1921 5528; baseline 0 0"><span class='ocrx_word' id='word_1_447' title='bbox 0 0 1921 5528; x_wconf 95' lang='lat' dir='ltr'> </span> 
     </span>
    </p>
   </div>
  </div>
 </body>
</html>
