3782 5532
318 327 359 391 711
1516 341 1591 414 April
1611 357 1688 414 15²9·

425 499 474 567 ull
496 499 595 568 Dario
619 503 661 569 mi
687 499 756 569 dice
783 501 878 570 haver
901 501 1012 570 lettere
1035 501 1157 570 fresche
1181 501 1230 569 del
1258 501 1382 571 auditor
1405 501 1445 570 de
1468 501 1497 569 13
1521 502 1656 570 Camera
1665 506 1689 584 ¹,

317 627 373 693 per
396 605 425 674 le
448 606 530 697 quali
552 609 653 676 scrive
676 608 934 691 resolutamente,
959 609 1017 676 che
1040 609 1072 676 lo
1096 609 1290 697 Imperatore
1313 611 1438 697 passeri
1460 611 1492 676 in
1516 608 1631 676 Italia«

422 730 500 798 Non
524 755 576 800 me
605 731 802 820 meraviglio,
831 733 889 800 che
913 732 1006 822 quelli
1032 734 1171 801 »oratori
1198 733 1314 821 Inglesi
1343 730 1481 800 habbiuo
1509 731 1619 800 lettere
1647 731 1690 799 de

316 857 482 923 promesse
509 836 584 905 fatte
614 838 651 905 da
679 862 722 905 m.
747 839 959 921 Francescou,
985 857 1015 906 et
1043 837 1198 921 crederei,
1227 839 1286 906 che
1314 837 1486 906 dovessino
1513 837 1632 904 »anche
1655 837 1690 904 di

316 963 369 1008 me
394 941 460 1008 dire
483 942 566 1010 simil
590 966 665 1010 cose
693 955 724 1012 et
747 945 815 1032 piu,
843 945 959 1032 perche
982 957 1072 1012 tanto
1096 948 1114 1011 e
1137 943 1157 1010 il
1185 943 1341 1011 desiderio
1365 942 1499 1032 grande,
1524 941 1691 1038 hannoffdi

317 1059 426 1135 questa
454 1071 543 1130 cosa,
572 1050 631 1117 che
659 1051 736 1138 ogni
765 1051 896 1117 minima
924 1051 1030 1138 parola
1057 1072 1249 1118 accrescono
1278 1062 1310 1118 et
1337 1051 1552 1138 interpretano
1575 1071 1592 1115 a
1615 1048 1690 1115 loro

316 1151 435 1236 mod03
468 1178 519 1221 ma
543 1156 583 1221 V.
608 1156 639 1223 S.
664 1157 721 1224 stia
744 1157 860 1239 sicura,
889 1156 947 1224 che
970 1161 1011 1224 31
1035 1155 1092 1240 131,
1123 1158 1219 1224 3110
1243 1155 1411 1225 habbiamo
1441 1156 1503 1222 mai
1526 1156 1689 1243 trapassati

316 1258 336 1324 li
359 1261 501 1343 termini,
532 1260 697 1350 seguendo
728 1274 847 1352 quanto
872 1264 911 1329 V.
943 1263 974 1330 S.
1005 1264 1058 1351 pili
1087 1262 1173 1330 volte
1205 1262 1242 1330 ha
1272 1263 1381 1331 scritto
1412 1280 1444 1329 et
1474 1261 1623 1350 replicato
1652 1263 1688 1328 in

317 1385 427 1454 questa
449 1385 611 1434 materia«.

422 1490 457 1557 Io
475 1488 550 1556 dissi
566 1513 659 1557 come
676 1489 783 1558 dame
800 1491 827 1557 31
844 1493 938 1560 Rmo.
956 1490 1111 1558 cardinale
1138 1490 1236 1558 »della
1251 1503 1403 1579 proposta
1418 1489 1494 1559 13113
1508 1514 1525 1557 3
1541 1491 1687 1579 Moosgr.

318 1592 349 1660 di
372 1593 434 1661 San
451 1593 531 1662 Ρο10
540 1601 589 1678 13,
622 1619 656 1663 se
679 1619 720 1663 ne
744 1597 931 1685 maraviglih,
952 1609 983 1665 et
1006 1596 1100 1679 disse,
1124 1598 1183 1665 che
1207 1620 1258 1665 era
1281 1596 1381 1681 bonu,
1406 1597 1464 1664 che
1487 1596 1689 1666 8338331111

317 1722 334 1766 a
357 1701 488 1790 qualche
512 1701 576 1769 bon
601 1701 701 1769 modo
726 1702 889 1791 expedisse
913 1702 934 1770 il
957 1705 1090 1791 negotio
1114 1702 1145 1770 di
1161 1715 1270 1792 questa
1286 1703 1417 1785 Maesti,
1442 1715 1473 1770 et
1496 1703 1550 1790 poi
1573 1703 1599 1769 si
1614 1725 1689 1791 pro·

316 1804 442 1874 3313313
458 1831 474 1874 3
490 1818 585 1890 13110,
610 1809 725 1876 »etiam
749 1807 781 1876 di
797 1809 947 1877 Ravenna
972 1822 1002 1878 et
1019 1809 1164 1893 Cervia«,
1187 1808 1394 1898 protestando
1411 1830 1536 1897 sempre
1560 1809 1592 1876 iu
1609 1809 1688 1896 ogni

317 1913 559 2000 ragionamento
582 1925 630 1982 tre
654 1933 685 1982 et
701 1926 826 2004 quattro
843 1915 939 1998 volte,
963 1916 1021 1983 che
1038 1939 1131 1982 senza
1154 1928 1263 2005 questa
1286 1915 1482 1982 resolutione
1506 1937 1573 1982 303
1590 1937 1688 1982 33330

317 2016 459 2106 perlate
483 2042 557 2087 3033
579 2018 689 2088 alcuna
697 2047 706 2104 ;
739 2032 771 2088 31
794 2033 964 2088 mostrono
991 2021 1105 2089 »havet
1128 2021 1247 2108 grande
1271 2019 1444 2089 diffidentia
1473 2019 1503 2088 di
1527 2020 1589 2088 Sua
1610 2021 1690 2088 San·

316 2125 373 2192 1111
395 2137 427 2192 31
449 2148 564 2193 333033
587 2125 618 2194 11
642 2127 682 2194 V.
707 2127 750 2209 S.,
772 2126 938 2215 pensando
963 2127 1072 2194 chela
1096 2127 1292 2196 Beatitudine
1316 2127 1378 2194 Sua
1401 2126 1493 2194 habbi
1517 2125 1554 2194 da
1580 2149 1688 2193 accor-

318 2228 399 2297 darsi
428 2253 490 2298 con
515 2231 646 2314 Cesare,
677 2251 708 2300 et
736 2233 794 2300 che
819 2233 858 2300 V.
883 2233 913 2300 S.
943 2256 1040 2322 segua
1068 2245 1181 2322 questo
1210 2235 1336 2301 camino
1364 2256 1421 2321 per
1443 2234 1597 2301 interesse
1626 2255 1687 2299 suo

318 2336 398 2404 delle
421 2359 496 2405 cose
526 2337 557 2404 di
580 2338 719 2406 Firenze.
765 2339 802 2406 Io
825 2338 845 2406 li
875 2339 918 2406 ho
946 2341 1086 2428 risposto
1118 2340 1176 2407 che
1200 2361 1248 2422 so,
1271 2339 1312 2406 V.
1337 2339 1368 2406 S.
1399 2362 1484 2406 esser
1512 2337 1688 2406 affettiona-

316 2442 437 2510 tissima
460 2467 476 2510 3
499 2463 613 2533 questo
637 2467 685 2528 re,
713 2445 850 2512 maxime
874 2442 1104 2534 cognoscendo
1132 2444 1153 2512 il
1176 2445 1295 2533 grande
1318 2467 1442 2526 amore,
1472 2443 1529 2512 che
1552 2443 1573 2510 li
1595 2454 1689 2532 porta

317 2549 378 2615 Sua
402 2549 531 2632 sintita,
556 2562 587 2619 et
604 2551 661 2618 che
684 2552 717 2618 io
734 2550 870 2618 credevo
895 2575 962 2618 non
981 2550 1200 2619 intendessino
1224 2551 1305 2619 bene
1321 2563 1440 2640 quanto
1463 2551 1508 2618 sia
1530 2548 1687 2617 l’autorita

318 2651 348 2720 di
365 2653 404 2721 V.
423 2655 454 2722 S.
479 2657 510 2722 in
534 2655 563 2722 le
587 2679 662 2724 cose
686 2655 716 2723 di
740 2657 879 2739 Firenze,
904 2669 936 2725 et
952 2656 1051 2759 multe
1075 2657 1151 2726 altre
1170 2681 1255 2739 cose,
1280 2656 1338 2724 che
1362 2657 1439 2723 saria
1454 2657 1555 2744 longo
1580 2656 1687 2722 ascri·
1800 2717 1803 2720 .

317 2782 391 2828 vere
407 2772 497 2842 tutte,
521 2785 577 2851 per
600 2761 684 2829 levat
700 2781 808 2852 questa
832 2765 998 2851 suspitiou‚
1022 2775 1054 2831 et
1073 2764 1116 2830 mi
1140 2786 1213 2852 pare
1237 2764 1407 2830 restassino
1431 2763 1492 2828 ben
1512 2760 1685 2829 satisfattiu.

422 2885 588 2972 Ringratio
612 2887 652 2954 V.
676 2886 708 2954 S.
738 2887 777 2954 de
805 2887 833 2954 13
861 2889 1018 2954 memoria
1045 2888 1130 2955 tiene
1159 2885 1198 2954 de
1228 2887 1248 2953 li
1277 2888 1352 2954 miei
1380 2884 1570 2975 particulari,
1600 2894 1630 2951 et
1657 2883 1686 2950 la

318 2989 470 3072 certifico,
494 2990 553 3058 che
575 3002 622 3058 tra
645 2991 665 3058 li
688 2991 755 3060 altri
779 2994 853 3060 miei
877 2992 1077 3060 incommodi
1100 3013 1213 3082 questo
1230 2991 1373 3060 vedermi
1396 3014 1542 3059 mancare
1565 2991 1593 3058 le
1613 3012 1686 3078 pro·

316 3097 432 3164 visioni
456 3097 495 3164 de
511 3097 539 3163 13
554 3096 724 3187 legatione,
748 3098 806 3166 che
822 3101 971 3187 3113030
989 3099 1101 3188 passati
1123 3111 1171 3167 tre
1187 3100 1268 3167 mesi
1291 3111 1322 3166 31
1337 3098 1386 3166 311
1403 3100 1506 3166 arrivo
1529 3096 1561 3164 di
1577 3107 1686 3186 questa

317 3225 453 3269 saranno
476 3215 612 3293 quattro,
641 3203 725 3271 ch'io
749 3227 816 3271 non
840 3205 883 3272 ho
907 3205 1024 3273 havuto
1048 3229 1090 3272 33
1115 3207 1273 3295 quatrino,
1300 3228 1443 3272 accresce
1467 3227 1534 3271 non
1558 3225 1642 3292 poco
1665 3201 1686 3269 il

318 3306 489 3396 dispiacere
518 3321 549 3377 31
575 3309 738 3399 1333333110,
767 3311 799 3378 13
828 3310 912 3378 ch'io
941 3312 986 3377 mi
1013 3331 1125 3395 trovo;
1157 3313 1235 3400 perd
1263 3310 1284 3378 li
1312 3311 1455 3399 supplico
1484 3309 1543 3377 che
1566 3321 1684 3398 quanto

316 3415 381 3502 pul)
404 3415 505 3502 prima
528 3415 634 3503 voglia
656 3439 835 3504 procurare,
866 3417 924 3484 che
947 3418 990 3483 mi
1015 3419 1060 3484 sia
1081 3419 1235 3506 33031310,
1264 3438 1358 3484 come
1381 3417 1435 3505 pila
1458 3439 1475 3482 3
1496 3415 1596 3504 13330
1620 3413 1687 3481 dira

316 3519 462 3608 Moosgr.
487 3521 518 3588 di
541 3521 647 3589 Feltro
671 3523 738 3589 mio
762 3521 893 3591 fratello.
940 3523 977 3590 Et
999 3546 1065 3590 uon
1090 3522 1237 3591 havendo
1260 3522 1339 3592 altro
1370 3575 1375 3588 .
1402 3575 1408 3588 .
1435 3575 1441 3588 .
1467 3575 1473 3588 .

420 3643 559 3712 Londini
585 3666 613 3733 3.
638 3645 741 3734 aprilis
769 3667 862 3733 1529.

421 3821 457 3888 13
480 3824 582 3910 questi
611 3823 716 3910 giorni
744 3825 823 3890 santi
852 3845 935 3889 sono
958 3824 1030 3890 stati
1053 3823 1200 3890 seminati
1227 3845 1283 3910 per
1305 3822 1334 3888 la
1357 3833 1445 3889 corte
1476 3821 1561 3909 regia
1584 3818 1686 3888 alcuni

316 3924 429 3993 libretti
458 3926 629 3994 Lutherani
657 3929 688 3994 13
719 3927 825 4016 lingua
847 3928 987 4017 Inglese,
1016 3952 1071 4016 per
1099 3940 1217 4018 quanto
1246 3926 1390 4010 intendo,
1419 3926 1448 3994 di
1479 3926 1560 3993 33313
1588 3937 1684 3993 sorte.

315 4031 466 4098 Anchora
489 4055 556 4099 303
573 4032 616 4100 10
633 4045 747 4122 potuto
772 4034 909 4102 haveme
933 4058 1011 4117 330,
1034 4033 1101 4102 faro
1118 4034 1279 4123 diligentia
1295 4033 1465 4102 d'haverlo.
1512 4033 1570 4100 Fra
1588 4031 1686 4100 l’altre

317 4158 391 4204 cose
415 4137 559 4221 intendo,
588 4139 646 4206 che
670 4140 840 4208 Lutherani
867 4164 923 4229 per
946 4152 1059 4229 questo
1087 4139 1213 4209 libretto
1241 4151 1450 4228 promettono
1475 4138 1507 4206 di
1533 4137 1686 4226 abrogare

315 4253 396 4310 tutte
418 4243 447 4310 le
464 4245 586 4312 heresie
608 4247 747 4313 toccanti
770 4245 812 4334 gli
835 4245 955 4314 articuli
978 4246 1018 4314 de
1041 4246 1068 4314 la
1084 4246 1155 4314 fede
1179 4265 1210 4314 et
1231 4244 1358 4314 credere
1382 4243 1525 4313 secondo
1549 4244 1577 4311 la
1593 4243 1686 4332 legge

317 4347 437 4432 divina,
461 4349 579 4436 porche
602 4363 711 4439 questa
735 4351 855 4420 Maesti
879 4353 1013 4419 insieme
1038 4351 1088 4419 301
1111 4351 1359 4420 Cristianissimo
1382 4350 1533 4439 30311330
1557 4349 1686 4439 pigliare

316 4454 344 4522 la
367 4455 503 4544 impresa
525 4453 555 4523 di
579 4455 699 4524 ridurre
723 4457 744 4524 il
765 4469 847 4526 stato
873 4459 1084 4527 ecclesiastico
1107 4457 1135 4526 al
1159 4455 1259 4525 modo
1283 4457 1323 4525 de
1350 4457 1378 4525 la
1400 4457 1557 4545 primitiva
1581 4456 1687 4524 chiesa

424 4695 432 4725 ¹
450 4686 630 4759 Hieronymus
650 4687 789 4742 Ghinucci.

423 4765 433 4794 ²
451 4757 559 4812 Bezieht
577 4757 635 4810 sich
651 4757 789 4829 jedenialls
808 4757 856 4812 auf
871 4757 913 4812 die
922 4757 1148 4830 Verhandlungen
1168 4758 1303 4812 zwischen
1317 4757 1476 4812 Fraokreich
1493 4757 1546 4811 und
1566 4756 1685 4822 Florem,

316 4827 357 4882 die
377 4827 472 4882 darauf
486 4827 672 4896 hinauslieieo‚
692 4828 774 4883 durch
793 4829 839 4883 das
859 4828 1038 4883 franzc'tsische
1056 4829 1128 4883 Heer
1147 4837 1223 4883 unter
1241 4829 1313 4882 Saint
1333 4829 1381 4882 Pol
1404 4828 1515 4882 Florenz
1534 4843 1624 4899 33333
1642 4826 1686 4880 die

316 4898 497 4953 Kaiserliclren
516 4917 548 4952 zu
565 4899 693 4953 schulzen
710 4899 764 4954 und
782 4900 824 4954 die
843 4899 983 4955 Ritckkehr
1001 4899 1047 4954 der
1064 4899 1161 4955 Medici
1180 4917 1212 4954 zu
1229 4899 1396 4954 verhindern.
1433 4899 1554 4953 Naheres
1574 4897 1686 4951 dan'rber

315 4971 341 5023 in
359 4969 406 5023 der
425 4969 647 5040 Korrespoudeuz
666 4971 713 5024 des
732 4970 810 5025 Kard.
830 4970 938 5025 Salviati
956 4987 1003 5024 aus
1021 4971 1101 5024 Paris.
1140 4971 1219 5024 Arch.
1234 4971 1318 5024 Vatic.
