3782 5532
338 251 379 312 82
1557 262 1610 324 Mai
1631 287 1707 344 1529.

337 426 396 492 che
419 447 485 491 non
510 423 536 489 si
558 420 643 491 fusse
666 423 805 512 risposto
829 421 887 492 alle
914 422 985 490 loro
1008 421 1119 490 lettere
1143 422 1293 492 dimano
1319 424 1351 494 di
1372 426 1414 494 N.
1438 427 1575 515 Signore
1600 429 1707 518 perla

335 531 579 620 indispositione
603 528 634 596 di
658 530 719 598 Sua
742 529 950 613 Beatitudine,
975 542 1005 598 et
1028 541 1237 598 mostrorono
1260 550 1399 600 restarne
1423 532 1485 600 ben
1508 534 1660 603 satisfatti.

440 639 491 704 De
513 635 541 702 la
568 647 690 724 passata
717 635 749 703 di
773 635 890 704 Cesare
920 637 952 702 in
976 635 1061 703 Italia
1091 637 1144 725 qui
1172 638 1198 703 si
1226 639 1333 720 stima,
1362 637 1473 706 ch'ella
1499 662 1567 706 non
1596 639 1706 708 debbia

334 740 542 834 aliquomodo
568 743 702 830 seguire.

442 849 521 916 »Per
544 847 572 914 le
596 847 706 916 lettere
734 847 766 915 di
789 847 914 936 Spagna
941 848 1101 929 scrivono,
1131 847 1189 915 che
1218 870 1276 934 pur
1299 851 1325 915 si
1348 849 1447 917 vedea
1476 851 1607 939 qualche
1635 875 1705 940 pre-

333 967 518 1046 paramento
547 953 578 1020 di
600 953 785 1042 vettuaglie,
814 977 865 1020 ma
889 952 920 1020 di
944 976 1024 1020 nave
1048 965 1078 1020 et
1102 951 1210 1021 d’altre
1237 976 1312 1022 cose
1336 978 1419 1038 non,
1448 968 1480 1024 et
1503 956 1562 1024 che
1584 956 1617 1024 lo
1640 959 1702 1026 Im-

332 1075 476 1152 peratore
500 1085 518 1128 a
540 1058 644 1149 quelli,
669 1060 771 1127 cheli
795 1081 878 1126 sono
902 1061 1035 1146 sospetti
1058 1059 1090 1125 in
1109 1059 1244 1147 Spagna,
1269 1059 1337 1128 dice
1360 1063 1619 1147 resolutamente,
1643 1064 1702 1132 che

331 1169 385 1238 vol
408 1189 532 1258 passare
556 1177 586 1233 et
603 1166 661 1233 che
684 1167 711 1232 si
734 1167 871 1234 metlino
894 1166 932 1233 ad
949 1163 1073 1247 ordine,
1096 1165 1146 1232 alli
1165 1165 1233 1234 altri
1256 1179 1355 1235 mette
1377 1167 1404 1234 la
1420 1191 1493 1236 cosa
1516 1171 1550 1235 in
1574 1169 1701 1237 dubbio.
1786 1193 1788 1204 ·

332 1274 451 1356 Credo,
475 1276 555 1342 costl
579 1271 751 1340 intendiate
776 1271 895 1359 meglio
919 1270 941 1338 il
963 1293 1072 1339 vero«

437 1379 553 1447 Avanti
569 1379 627 1446 che
651 1388 761 1467 questa
776 1379 807 1445 vi
822 1378 950 1466 giunga,
974 1399 1109 1444 saranno
1125 1399 1184 1464 pur
1199 1379 1313 1468 cinque
1329 1381 1419 1461 mesi,
1444 1379 1529 1447 ch’io
1544 1382 1588 1447 mi
1607 1399 1702 1449 trovo

331 1511 393 1555 con
424 1504 534 1575 questa
566 1484 750 1572 gravissima
780 1505 887 1571 spesa,
920 1505 1014 1550 senza
1044 1482 1073 1549 la
1102 1483 1329 1570 provisione
1360 1483 1459 1551 della
1489 1485 1701 1574 legatione,

330 1616 423 1662 senza
450 1589 553 1681 quella
576 1588 615 1656 de
637 1589 667 1656 la
689 1607 857 1676 segnatura
882 1611 939 1677 per
961 1589 1068 1656 tutto'l
1089 1600 1211 1677 tempo,
1239 1589 1298 1656 che
1327 1612 1388 1656 son
1417 1588 1516 1674 fuori,
1547 1611 1577 1658 et
1608 1616 1701 1660 senza

329 1699 358 1766 le
382 1697 594 1767 distributioni
617 1695 668 1762 del
684 1695 814 1783 capello,
840 1713 870 1762 et
894 1717 956 1762 con
980 1696 1127 1782 maggior
1150 1694 1331 1783 dispiacere,
1355 1696 1415 1763 che
1436 1719 1504 1762 non
1519 1721 1556 1764 so
1581 1711 1700 1787 quanto

329 1818 439 1892 tempo
467 1825 562 1892 possa
590 1801 718 1868 durare:
746 1799 889 1889 supplico
912 1824 930 1867 a
953 1801 992 1866 V.
1017 1801 1060 1881 8.,
1090 1800 1148 1868 che
1177 1823 1244 1868 non
1274 1803 1317 1870 mi
1346 1800 1483 1869 essendo
1511 1815 1594 1871 stato
1623 1803 1700 1871 fatto

329 1911 528 1998 provisione,
552 1907 683 1995 voglio
706 1928 928 1994 procurare,
958 1905 1085 1973 ch’ella
1108 1907 1139 1972 si
1167 1905 1287 1974 faccia
1316 1918 1347 1974 et
1370 1907 1428 1974 che
1452 1909 1484 1974 io
1508 1931 1575 1975 non
1599 1911 1644 1976 sia
1666 1911 1698 1976 in

328 2028 412 2084 tutto
429 2016 581 2083 destituto
605 2024 637 2080 et
660 2013 704 2079 mi
727 2013 810 2081 trovi
834 2013 886 2101 qui
910 2035 1004 2078 senza
1019 2010 1129 2079 lettere
1146 2023 1177 2080 et
1199 2011 1316 2079 danari.
1362 2012 1407 2079 So
1431 2013 1489 2080 che
1504 2013 1546 2082 N.
1563 2014 1700 2101 Signore

329 2123 369 2189 ha
384 2120 525 2208 benigno
549 2121 657 2187 animo
673 2140 766 2186 verso
792 2117 822 2184 di
846 2140 909 2199 me,
933 2130 964 2186 et
988 2139 1043 2206 per
1059 2117 1126 2184 altri
1147 2119 1234 2185 conti
1257 2141 1324 2187 rem
1343 2141 1412 2185 esse
1434 2139 1600 2207 angustam
1607 2147 1617 2203 ;
1641 2143 1700 2208 pur

328 2229 499 2295 necessitas
527 2248 595 2292 non
617 2224 712 2293 habet
738 2224 853 2311 legem.
900 2223 932 2290 Sl
956 2223 1015 2290 che
1043 2221 1074 2289 di
1097 2245 1207 2291 nuovo
1236 2245 1336 2311 prego
1359 2223 1387 2290 la
1411 2224 1451 2290 V.
1476 2224 1519 2306 8.,
1548 2225 1607 2292 che
1631 2249 1698 2293 non

328 2335 373 2401 mi
397 2333 534 2400 manchi.

432 2455 582 2537 Londini,
610 2473 658 2520 12.
683 2455 757 2520 maii
786 2473 878 2538 1529.

930 2577 970 2643 l).
996 2575 1035 2642 V.
1064 2576 1095 2643 S.

812 2697 869 2766 Uti
892 2697 972 2766 filius
997 2697 1211 2767 deditissimus

1229 2805 1264 2872 L.
1290 2803 1361 2872 Car.
1387 2803 1590 2894 Campegius.

536 2982 621 3036 Nunz.
642 2981 667 3034 di
686 2981 777 3036 Germ.
796 2995 824 3050 53
845 2980 863 3035 s.
886 2994 935 3051 174
954 2999 978 3036 u.
1001 2997 1057 3051 175.
1096 2981 1253 3052 Auflosung
1271 2980 1317 3034 der
1336 2980 1545 3036 Geheimsclrrift
1564 2981 1581 3037 s.
1604 2983 1654 3052 176
1674 3000 1698 3037 u.

434 3087 490 3140 177.
522 3067 697 3141 Eingelaufen
716 3085 759 3123 am
778 3084 820 3140 29.
839 3069 900 3122 Mai.
932 3068 1066 3123 Gedruclrt
1083 3069 1126 3122 bei
1139 3069 1265 3136 Theiner,
1284 3086 1309 3139 p.
1326 3067 1382 3138 576,
1402 3069 1474 3123 ohne
1492 3069 1543 3124 den
1556 3071 1699 3125 Abschnitt

431 3177 475 3212 am
489 3159 607 3230 Beginne
627 3158 680 3212 und
693 3167 767 3212 sonst
781 3159 829 3212 mir
842 3157 1051 3211 verschiedenen
1062 3157 1227 3212 Verstossen.
1259 3157 1294 3210 Zu
1309 3156 1356 3210 der
1367 3156 1542 3229 Abberufung
1555 3158 1699 3212 Gordiners

431 3247 489 3316 (Dr.
503 3247 652 3317 Stephano)
671 3263 692 3301 s.
712 3255 794 3300 unten
812 3244 858 3299 das
874 3245 1018 3299 Schreiben
1031 3246 1170 3299 Heinrichs
1189 3263 1222 3298 an
1241 3244 1293 3298 den
1307 3245 1388 3315 Papst
1406 3261 1470 3298 vom
1489 3261 1531 3302 20.
1544 3246 1598 3300 Mai
1614 3261 1698 3315 ¹5293

431 3335 473 3389 die
492 3334 619 3406 Sendung
638 3333 782 3389 Glrinuccis
808 3332 877 3387 nach
900 3332 970 3386 Rom
996 3331 1110 3405 erfolgte
1136 3342 1190 3387 erst
1214 3333 1302 3403 einige
1321 3331 1431 3386 Monate
1458 3338 1555 3405 sptter.
1591 3334 1699 3388 Dessen

430 3421 606 3494 Abberufung
624 3422 706 3476 durch
725 3421 852 3475 Heinrich
864 3419 935 3475 Vlll.
961 3437 1007 3475 aus
1026 3421 1142 3493 Spanien
1165 3420 1218 3474 und
1237 3421 1436 3492 Designierung
1461 3439 1522 3476 zum
1540 3422 1699 3493 englischen

431 3511 585 3566 Gesandten
604 3513 632 3564 in
650 3511 721 3564 Rom
744 3511 827 3580 hingt
846 3508 983 3580 jedensalls
1009 3510 1058 3563 mit
1076 3509 1136 3564 dem
1157 3510 1255 3580 obigen
1274 3508 1419 3562 Schreiben
1438 3509 1484 3563 des
1503 3510 1614 3581 Papstcs
1632 3527 1698 3564 vom

431 3615 473 3669 27.
491 3599 643 3652 Dezember
663 3599 730 3667 1528
749 3615 783 3651 an
801 3597 932 3651 Ghinucci
952 3613 1106 3652 zusammen
1125 3599 1183 3666 (Nr.
1205 3602 1256 3667 37).

977 3862 1040 3946 42.

388 4022 629 4109 Campeggio
653 4044 692 4086 an
716 4021 789 4104 lac.
814 4019 981 4087 Salviati.
1028 4020 1177 4103 London,
1205 4022 1253 4087 18.
1278 4019 1344 4088 und
1367 4039 1419 4087 20.
1443 4020 1508 4087 Mai
1537 4041 1629 4107 1529.

430 4181 515 4252 Eilige
539 4179 668 4233 erckkehr
691 4179 733 4231 des
747 4177 941 4249 sraurosischen
962 4177 1105 4231 Gesandten
1130 4177 1247 4249 (Biscbos
1265 4197 1317 4232 von
1339 4179 1479 4249 Bayonne).
1519 4179 1697 4233 Verschiedme

325 4269 456 4324 Schreilen
475 4285 521 4322 aus
540 4268 611 4322 Rom.
644 4267 816 4337 Alfertigung
834 4267 877 4319 des
895 4265 1033 4320 Frarzcesco
1051 4263 1183 4336 Campana
1202 4283 1249 4334 rur
1263 4265 1436 4337 personlichen
1450 4265 1696 4338 Berichterstattung

323 4361 351 4411 in
364 4359 436 4412 Rom.
474 4355 683 4426 Rechtsertigung
698 4353 867 4425 Campeggios
882 4372 964 4425 gagen
982 4353 1024 4406 die
1040 4353 1236 4423 Unlerstellung,
1255 4355 1292 4406 als
1310 4354 1372 4407 habe
1390 4372 1417 4406 er
1436 4355 1463 4406 in
1479 4354 1601 4425 England
1620 4355 1696 4424 Hoff-

323 4465 393 4518 nung
409 4445 535 4516 gemacht,
552 4444 610 4513 dass
628 4443 674 4496 das
693 4443 876 4514 Dispnaesbreve
893 4442 984 4511 Julius'
1005 4441 1038 4494 ll.
1049 4441 1101 4510 seir
1120 4441 1207 4494 utrecht
1225 4442 1322 4494 erkldrt
1339 4442 1431 4495 werde.
1469 4441 1554 4512 Klage
1572 4443 1695 4496 desselben

321 4535 382 4588 liber
400 4535 443 4588 die
461 4537 607 4604 ungcstrlme
620 4529 887 4600 ercksichtslosigkeit,
906 4531 952 4582 der
970 4548 998 4582 er
1017 4531 1044 4581 in
1059 4528 1181 4599 England
1199 4536 1334 4599 ausgesetrl
1352 4531 1395 4582 sei.
1434 4529 1623 4601 Bernrthungeu,
1637 4531 1696 4602 jede

322 4623 504 4692 Einmischung
518 4621 561 4673 des
573 4619 678 4672 Kaisers
689 4618 870 4688 scrnzubalten
888 4618 942 4670 und
954 4618 1000 4671 der
1013 4617 1179 4687 Abberusung
1197 4616 1261 4670 uach
1274 4617 1338 4671 Rom
1356 4619 1539 4688 vorrubeugen.
1573 4617 1695 4690 Sordung

321 4712 364 4764 des
377 4710 533 4783 pcipstliclren
548 4708 660 4761 Nuntius
672 4706 736 4759 norb
751 4704 868 4777 Spanien.
900 4705 1231 4775 Friedensverhandlungeu
1250 4705 1369 4773 (wischen
1383 4705 1452 4758 Karl
1465 4705 1492 4758 V.
1508 4705 1562 4758 und
1573 4705 1662 4775 fron(
1673 4705 1694 4759 I.

322 4799 488 4869 (Margareta
507 4797 560 4848 und
578 4794 691 4863 Louise),
710 4793 826 4864 Stellung
846 4793 979 4846 Heinrichs
996 4792 1066 4846 VIII.
1085 4794 1159 4862 darn.
1195 4793 1313 4846 Derselhe
1330 4793 1386 4846 sehr
1400 4811 1482 4864 gegen
1501 4793 1542 4846 die
1561 4793 1635 4847 Reise
1652 4794 1695 4848 des

321 4887 421 4958 Papsles
444 4885 507 4938 nach
532 4883 651 4954 Spanien,
675 4882 796 4953 ernpdehlt
818 4882 933 4952 dngegen
957 4881 1088 4951 Avr'gnon.
1128 4881 1255 4935 ercklrehr
1278 4882 1320 4934 des
1343 4881 1484 4951 englischcn
1509 4881 1625 4935 Eriboten
1649 4899 1695 4936 ares
