3782 5532
199 386 268 442 1529
286 372 355 443 Juni.
1505 361 1567 423 117

196 553 284 599 esser
307 531 435 600 infidele
458 532 485 599 al
508 556 567 600 suo
591 555 624 600 re
649 546 679 601 et
704 531 852 600 mancarli
876 535 907 600 in
924 557 998 600 cosa
1021 533 1053 600 di
1075 547 1161 603 tanta
1183 533 1385 621 importantia
1409 532 1439 602 di
1463 533 1568 623 quello

195 635 319 716 officio,
348 638 407 706 che
429 638 510 706 deve
532 639 589 706 alla
611 639 720 720 verita,
748 640 774 706 si
796 651 1022 727 appresentava
1044 625 1101 707 alle
1124 641 1270 726 Signorie
1298 638 1369 706 loro
1393 639 1484 708 Rme.
1513 663 1568 728 per

194 741 277 825 dirli,
301 743 461 812 affirmarli
484 759 516 814 et
532 769 594 812 con
610 747 681 812 vive
703 747 826 833 ragioni
843 744 1044 827 dimostrarli,
1068 746 1126 813 che
1143 745 1204 812 hoc
1229 746 1469 812 matrimonium
1485 746 1568 834 regis

194 863 227 917 et
251 852 381 938 reginae
406 851 489 920 nulla
511 864 667 940 potestate
684 853 821 919 humana
844 851 895 919 vel
918 850 1022 920 divina
1044 864 1151 938 potest
1174 849 1312 933 dissolvi,
1336 874 1395 940 pro
1415 875 1475 941 qua
1498 875 1568 919 sen-

192 959 293 1024 tentia
318 959 449 1025 asseruit
465 959 570 1040 etiam,
594 983 628 1024 se
653 960 789 1025 animam
807 959 996 1046 positurum,
1021 957 1279 1046 soggiungendO,
1304 956 1362 1025 che
1387 956 1475 1027 divus
1491 957 1568 1046 Bap-

190 1063 268 1130 tista
292 1064 370 1130 olim
388 1065 586 1146 existimavit,
611 1089 644 1131 se
666 1065 836 1152 gloriosius
853 1077 1005 1152 oppetere
1029 1087 1095 1130 non
1113 1065 1265 1151 potuisse,
1289 1086 1382 1152 quam
1402 1086 1460 1151 pro
1479 1086 1569 1131 causa

193 1171 410 1252 matrimonii;
443 1171 626 1260 quodcum
651 1194 690 1237 eo
714 1183 860 1258 tempore
885 1194 952 1237 non
976 1181 1058 1238 esset
1082 1170 1162 1239 adeo
1187 1183 1346 1248 sanctum,
1371 1170 1461 1238 sicuti
1485 1193 1569 1236 rtunc

193 1287 243 1342 est
268 1299 324 1363 per
349 1277 466 1344 Christi
490 1278 650 1364 sanguinis
674 1277 879 1359 effusionem,
907 1276 1067 1344 ardentius
1091 1288 1121 1343 et
1146 1274 1302 1343 efficacius
1326 1277 1443 1364 poterit
1465 1277 1568 1364 ipsum

192 1381 233 1448 ad
251 1381 414 1471 quodlibet
437 1407 591 1471 magnum
615 1397 646 1450 et
663 1395 840 1451 extremum
864 1383 1037 1471 periculum
1055 1384 1174 1450 maiore
1200 1406 1271 1450 cum
1290 1381 1402 1450 fiducia
1425 1405 1568 1450 evocare.

193 1488 271 1554 Con
289 1489 389 1556 molte
413 1489 490 1556 altre
512 1489 619 1577 parole
640 1489 892 1572 accommodate,
917 1507 947 1556 et
971 1491 1002 1555 in
1027 1487 1091 1556 fine
1108 1487 1220 1556 obtulit
1244 1487 1381 1556 libellum
1405 1512 1473 1556 ase
1494 1511 1571 1556 con·

191 1597 349 1682 scriptum
381 1618 475 1683 super
505 1595 562 1662 hac
591 1618 643 1677 re3
677 1608 708 1662 et
735 1593 822 1683 dopo
851 1595 892 1662 lui
924 1597 1091 1683 episcopus
1116 1595 1301 1662 Assavensis
1325 1593 1406 1662 Ord.
1431 1595 1508 1661 min.
1538 1597 1570 1661 in

192 1699 332 1767 eandem
355 1699 420 1768 fere
448 1702 655 1782 sententiam,
684 1700 756 1768 licet
784 1701 930 1768 oratione
958 1723 1025 1767 non
1054 1699 1227 1768 admodum
1257 1700 1337 1767 culta
1367 1719 1399 1768 et
1427 1699 1571 1769 breviore

191 1805 350 1873 nonnulla
379 1805 456 1878 dixit
484 1818 515 1873 et
538 1806 693 1895 quosdam
722 1807 971 1874 commentarios
1001 1805 1131 1887 obtulit3
1165 1825 1237 1894 post
1267 1806 1354 1895 quos¹
1371 1830 1412 1874 un
1437 1806 1570 1875 doctore

192 1911 299 1980 dictus
323 1911 460 1980 decanus
485 1911 523 1981 de
539 1911 683 1982 Arcubus
707 1911 881 2000 praefectus
905 1913 1008 1980 curiae
1026 1912 1261 1980 Cantuariensis
1284 1914 1316 1979 in
1341 1913 1408 1980 iure
1431 1911 1570 1981 dicundo

191 2017 342 2104 allegavit
370 2043 408 2085 ex
431 2020 526 2086 sacris
555 2016 728 2086 canonibus
753 2017 905 2085 nonnulla
933 2019 965 2085 in
989 2017 1130 2086 favorem
1162 2019 1372 2099 matrimonii,
1400 2041 1480 2108 quae
1503 2044 1570 2087 nou

192 2124 334 2191 multum
359 2124 522 2212 urgebant,

303 2232 330 2296 A
354 2230 426 2298 tutti
454 2231 577 2317 rispose
605 2229 624 2296 il
648 2231 743 2298 Rmo.
772 2230 986 2312 Eboracense,
1015 2231 1151 2317 primum
1182 2231 1311 2298 miratus
1340 2229 1426 2319 quod
1455 2231 1493 2299 de
1523 2255 1570 2298 re·

190 2348 291 2424 pente
315 2335 397 2403 adeo
414 2359 470 2402 eos
494 2333 595 2402 adorti
619 2348 735 2418 essent,
759 2335 883 2419 deinde,
908 2334 994 2426 quod
1018 2335 1079 2403 illic
1095 2335 1216 2402 stabant
1240 2354 1271 2402 et
1288 2334 1438 2404 sedebant
1461 2339 1570 2404 omnia

190 2441 329 2511 audituri
354 2441 392 2510 ad
417 2466 541 2510 causam
564 2443 753 2531 pertinentia
777 2455 807 2510 et
831 2466 889 2531 pro
906 2444 1020 2511 iustitia
1044 2441 1164 2524 facturi,
1188 2440 1274 2532 quod
1291 2441 1395 2510 divina
1419 2445 1570 2531 sapientia

191 2573 252 2617 cos
276 2551 487 2638 imperaverit.
535 2550 632 2636 Dipoi
656 2551 681 2615 si
706 2571 854 2636 processe
882 2549 921 2617 ad
945 2548 1107 2631 ulteriora,
1132 2547 1335 2616 decernendo
1358 2549 1503 2636 reginam
1527 2549 1569 2618 ob

190 2681 262 2723 non
287 2656 554 2744 comparitionem
579 2675 813 2738 contumacem,
838 2674 869 2722 et
889 2654 1094 2724 nihilominus
1119 2679 1188 2722 eam
1207 2653 1363 2724 citandam
1387 2655 1486 2723 semel
1509 2680 1568 2745 pro

190 2785 333 2850 semper,
358 2775 390 2829 et
412 2760 621 2829 decreverunt
645 2763 814 2829 examinari
838 2773 935 2828 testes
958 2784 1051 2848 super
1075 2761 1136 2827 iam
1154 2760 1264 2829 oblatis
1287 2761 1433 2842 articulis,
1457 2760 1568 2850 quibus

190 2869 343 2936 Maiestas
371 2869 457 2956 regia
485 2868 547 2934 iam
572 2866 736 2953 respondit
763 2880 794 2935 et
818 2890 873 2954 per
902 2879 1140 2954 procuratorem
1169 2866 1293 2956 reliquit
1321 2869 1566 2955 responsionem

189 2973 278 3063 apud
301 2985 378 3042 acta.
417 2975 456 3041 Et
479 2977 545 3041 cosi
569 2974 595 3040 si
619 2973 807 3040 examinano
829 2971 851 3039 li
874 2973 1050 3040 testimonii
1074 2991 1105 3040 et
1129 2974 1209 3040 vassi
1233 2972 1271 3041 da
1294 2973 1404 3061 lungo,
1444 2974 1567 3056 Questa

190 3104 270 3149 cosa
293 3081 333 3148 de
352 3079 504 3148 Roffense
527 3079 560 3146 fu
583 3081 779 3166 inexpectata
803 3091 833 3146 et
857 3079 1039 3167 improvisa,
1064 3098 1094 3146 et
1117 3081 1194 3167 perd
1217 3080 1318 3146 tenuit
1342 3103 1474 3147 omnem
1498 3103 1566 3168 per·

189 3212 308 3256 sonam
332 3187 363 3254 in
381 3184 598 3254 admiratione.
639 3184 725 3266 Quel
748 3185 805 3250 che
829 3187 907 3266 sara,
931 3183 1103 3252 vederemo
1128 3184 1184 3252 alla
1207 3186 1360 3272 giornata,
1385 3205 1415 3254 et
1439 3189 1492 3254 voi
1515 3189 1565 3275 gia

189 3293 357 3362 intendete
381 3291 536 3381 quelche
560 3295 593 3374 e,
626 3302 756 3378 pensate
784 3288 856 3379 quel
880 3291 939 3358 che
966 3293 1030 3378 pub
1054 3292 1193 3379 seguite,
1218 3303 1249 3358 et
1271 3279 1388 3380 perch'e
1411 3292 1432 3360 il
1456 3317 1563 3361 mezzo

188 3424 261 3469 non
286 3397 325 3466 db
347 3396 472 3466 inducie
496 3416 528 3464 et
551 3397 582 3464 io
606 3419 689 3466 sono
714 3397 970 3483 occupatissimo
994 3399 1072 3484 perb
1096 3420 1162 3463 non
1186 3399 1257 3464 sarb
1281 3398 1333 3486 pib
1356 3396 1466 3485 lungo.

300 3520 449 3601 Londini,
474 3540 525 3605 29.
549 3520 625 3587 iunii
653 3539 746 3604 1529.
1214 3609 1238 3676 E
1271 3607 1305 3676 H
1329 3606 1366 3698 ἦ
1435 3607 1447 3698 1

1241 3662 1247 3674 .
1307 3630 1456 3676 orano.

299 3787 401 3874 Copia
431 3784 461 3853 di
492 3783 601 3852 lettera
630 3785 746 3853 havuta
776 3783 806 3852 di
839 3786 1025 3873 Inghilterta
1054 3809 1070 3851 a
1100 3785 1210 3852 XXIX
1239 3783 1270 3851 di
1299 3786 1421 3872 giugno
1452 3785 1490 3853 da
1519 3810 1562 3852 un

185 3916 307 3962 amico.

297 4015 384 4082 Hon.
407 4027 466 4081 etc.
512 4014 572 4081 Per
588 4012 667 4082 dirvi
690 4016 721 4082 in
738 4014 843 4096 breve,
866 4014 895 4081 le
913 4036 987 4081 cose
1010 4014 1063 4103 qui
1086 4015 1111 4079 si
1128 4037 1234 4080 vanno
1258 4025 1347 4082 tanto
1363 4016 1561 4104 stringendo,

185 4125 249 4193 che
278 4121 379 4209 potria
406 4117 590 4186 finalmente
618 4119 639 4186 il
662 4119 817 4188 cardinale
845 4123 911 4188 mio
940 4121 1035 4209 partit
1061 4119 1089 4187 al
1116 4139 1237 4207 tempu,
1266 4120 1324 4188 che
1347 4121 1422 4189 v'ho
1451 4125 1560 4192 scritto

183 4228 279 4296 voler
301 4225 396 4315 partit
420 4227 452 4292 io
460 4251 469 4307 ;
499 4229 516 4291 'e
539 4248 616 4292 vero
641 4225 699 4293 che
723 4228 815 4308 hieri,
840 4226 899 4294 che
921 4225 953 4293 fu
977 4248 1058 4294 anco
1081 4224 1198 4293 iudicio
1223 4248 1331 4294 coram
1355 4227 1559 4298 cardinalibus

182 4338 324 4403 istorum
352 4354 481 4419 regum,
509 4331 529 4398 il
557 4355 697 4399 vescovo
727 4331 881 4415 Rofense,
913 4333 1035 4400 huomo
1064 4333 1117 4422 qui
1146 4331 1176 4400 di
1206 4331 1327 4421 grande
1355 4335 1447 4401 stima
1475 4339 1500 4400 sl
1529 4335 1559 4404 di

182 4442 299 4510 lettere
324 4436 466 4505 comedi
490 4439 603 4512 ottima
619 4439 690 4521 vita,
715 4437 821 4505 habuit
843 4439 1023 4506 orationem
1049 4460 1155 4505 coram
1180 4440 1299 4528 populo
1323 4439 1362 4507 ad
1378 4439 1559 4524 cardinales,

183 4547 277 4615 cuius
306 4566 432 4611 summa
459 4542 531 4626 suit,
560 4545 618 4611 che
645 4566 702 4632 per
729 4555 848 4634 quanto
877 4544 908 4611 di
936 4544 1166 4612 commissione
1194 4544 1224 4611 di
1253 4545 1284 4611 S.
1312 4545 1434 4612 Maesta
1461 4545 1559 4615 havea

182 4651 327 4720 studiato
350 4651 381 4716 in
400 4663 509 4739 questa
526 4673 600 4717 cosa
624 4648 674 4716 del
689 4672 723 4716 re
747 4660 778 4717 et
794 4648 874 4717 della
890 4651 1008 4738 regina,
1033 4673 1085 4716 era
1102 4650 1289 4733 certissimo,
1313 4650 1333 4716 il
1352 4652 1558 4719 matrimonio

180 4761 259 4828 loro
285 4779 370 4824 esser
398 4770 491 4825 santo
516 4769 546 4824 et
569 4754 678 4824 buono
708 4767 739 4824 et
761 4759 881 4844 potersi
909 4755 1082 4823 dissolvere
1109 4753 1180 4823 solo
1209 4755 1247 4824 da
1270 4757 1334 4824 Dio
1363 4769 1394 4823 et
1417 4757 1475 4824 che
1503 4781 1559 4846 per

181 4862 292 4956 quella
314 4863 413 4931 veritl
440 4873 505 4930 erat
532 4875 656 4950 paratus
684 4864 777 4930 etiam
806 4865 891 4930 mori
919 4877 950 4932 et
974 4863 1032 4931 che
1055 4860 1214 4930 morendo
1245 4885 1301 4950 per
1323 4861 1365 4931 tal
1393 4887 1468 4931 cosa
1491 4888 1558 4934 non

180 4969 330 5041 crederia
347 4969 446 5035 morit
464 4992 579 5036 manco
597 4971 797 5051 iustamente,
822 4969 881 5038 che
897 4971 923 5037 si
940 4970 1021 5038 fesse
1038 4968 1151 5060 [fosse]
1172 4969 1233 5036 San
1251 4970 1412 5038 Giovanni
1427 4970 1557 5040 Battista
