<?xml version="1.0" encoding="UTF-8"?>
<!DOCTYPE html PUBLIC "-//W3C//DTD XHTML 1.0 Transitional//EN"
    "http://www.w3.org/TR/xhtml1/DTD/xhtml1-transitional.dtd">
<html xmlns="http://www.w3.org/1999/xhtml" xml:lang="en" lang="en">
 <head>
  <title>
</title>
<meta http-equiv="Content-Type" content="text/html;charset=utf-8" />
  <meta name='ocr-system' content='tesseract 3.04.00' />
  <meta name='ocr-capabilities' content='ocr_page ocr_carea ocr_par ocr_line ocrx_word'/>
</head>
<body>
  <div class='ocr_page' id='page_1' title='image "./rmischedokument00ehsegoog_0102.png"; bbox 0 0 3782 5532; ppageno 0'>
   <div class='ocr_carea' id='block_1_1' title="bbox 153 310 1518 394">
    <p class='ocr_par' dir='ltr' id='par_1_1' title="bbox 153 310 1518 394">
     <span class='ocr_line' id='line_1_1' title="bbox 153 310 1518 394; baseline 0.006 -24"><span class='ocrx_word' id='word_1_1' title='bbox 153 316 217 394; x_wconf 76' lang='lat'>1528</span> <span class='ocrx_word' id='word_1_2' title='bbox 237 311 367 372; x_wconf 83' lang='lat' dir='ltr'>Olrtober.</span> <span class='ocrx_word' id='word_1_3' title='bbox 1477 310 1518 382; x_wconf 80' lang='grc'>49</span> 
     </span>
    </p>
   </div>
   <div class='ocr_carea' id='block_1_2' title="bbox 147 472 1536 4794">
    <p class='ocr_par' dir='ltr' id='par_1_2' title="bbox 148 472 1521 880">
     <span class='ocr_line' id='line_1_2' title="bbox 150 472 1519 564; baseline -0.003 -22"><span class='ocrx_word' id='word_1_4' title='bbox 150 477 176 542; x_wconf 87' lang='lat' dir='ltr'>si</span> <span class='ocrx_word' id='word_1_5' title='bbox 199 475 292 542; x_wconf 86' lang='lat' dir='ltr'>babbi</span> <span class='ocrx_word' id='word_1_6' title='bbox 314 477 436 542; x_wconf 88' lang='lat' dir='ltr'>avenir</span> <span class='ocrx_word' id='word_1_7' title='bbox 459 499 476 542; x_wconf 86' lang='lat' dir='ltr'>a</span> <span class='ocrx_word' id='word_1_8' title='bbox 492 487 605 564; x_wconf 90' lang='lat' dir='ltr'>questo</span> <span class='ocrx_word' id='word_1_9' title='bbox 628 474 746 543; x_wconf 92' lang='lat' dir='ltr'>iudicio</span> <span class='ocrx_word' id='word_1_10' title='bbox 763 486 795 541; x_wconf 91' lang='lat' dir='ltr'>et</span> <span class='ocrx_word' id='word_1_11' title='bbox 810 493 928 562; x_wconf 89' lang='lat' dir='ltr'>presto,</span> <span class='ocrx_word' id='word_1_12' title='bbox 953 473 1068 561; x_wconf 72' lang='lat' dir='ltr'>perche</span> <span class='ocrx_word' id='word_1_13' title='bbox 1084 496 1152 540; x_wconf 92' lang='lat' dir='ltr'>non</span> <span class='ocrx_word' id='word_1_14' title='bbox 1176 475 1337 562; x_wconf 85' lang='lat' dir='ltr'>patiscano</span> <span class='ocrx_word' id='word_1_15' title='bbox 1353 472 1519 562; x_wconf 76' lang='lat' dir='ltr'>indugio«,</span> 
     </span>
     <span class='ocr_line' id='line_1_3' title="bbox 148 578 1518 669; baseline -0.001 -21"><span class='ocrx_word' id='word_1_16' title='bbox 148 580 326 669; x_wconf 88' lang='lat' dir='ltr'>allegand0,</span> <span class='ocrx_word' id='word_1_17' title='bbox 350 581 408 649; x_wconf 88' lang='lat' dir='ltr'>che</span> <span class='ocrx_word' id='word_1_18' title='bbox 430 581 459 648; x_wconf 89' lang='lat' dir='ltr'>le</span> <span class='ocrx_word' id='word_1_19' title='bbox 476 604 550 648; x_wconf 90' lang='lat' dir='ltr'>cose</span> <span class='ocrx_word' id='word_1_20' title='bbox 573 579 624 648; x_wconf 89' lang='lat' dir='ltr'>del</span> <span class='ocrx_word' id='word_1_21' title='bbox 649 603 770 668; x_wconf 87' lang='lat' dir='ltr'>»regno</span> <span class='ocrx_word' id='word_1_22' title='bbox 789 592 869 648; x_wconf 89' lang='lat' dir='ltr'>tutte</span> <span class='ocrx_word' id='word_1_23' title='bbox 892 590 1007 648; x_wconf 85' lang='lat' dir='ltr'>stanno</span> <span class='ocrx_word' id='word_1_24' title='bbox 1025 591 1128 646; x_wconf 87' lang='lat' dir='ltr'>erecte</span> <span class='ocrx_word' id='word_1_25' title='bbox 1152 598 1184 646; x_wconf 92' lang='lat' dir='ltr'>et</span> <span class='ocrx_word' id='word_1_26' title='bbox 1205 579 1357 668; x_wconf 83' lang='lat' dir='ltr'>pendenti</span> <span class='ocrx_word' id='word_1_27' title='bbox 1381 578 1430 647; x_wconf 91' lang='lat' dir='ltr'>nel</span> <span class='ocrx_word' id='word_1_28' title='bbox 1454 579 1518 648; x_wconf 89' lang='lat' dir='ltr'>fine</span> 
     </span>
     <span class='ocr_line' id='line_1_4' title="bbox 150 683 1521 776; baseline -0.001 -22"><span class='ocrx_word' id='word_1_29' title='bbox 150 687 181 754; x_wconf 92' lang='lat' dir='ltr'>di</span> <span class='ocrx_word' id='word_1_30' title='bbox 203 699 313 776; x_wconf 89' lang='lat' dir='ltr'>questa</span> <span class='ocrx_word' id='word_1_31' title='bbox 337 710 426 769; x_wconf 84' lang='lat' dir='ltr'>cosa,</span> <span class='ocrx_word' id='word_1_32' title='bbox 454 687 482 754; x_wconf 85' lang='lat' dir='ltr'>la</span> <span class='ocrx_word' id='word_1_33' title='bbox 503 686 596 776; x_wconf 86' lang='lat' dir='ltr'>quale</span> <span class='ocrx_word' id='word_1_34' title='bbox 624 697 748 753; x_wconf 87' lang='lat' dir='ltr'>mentre</span> <span class='ocrx_word' id='word_1_35' title='bbox 775 705 821 753; x_wconf 84' lang='lat' dir='ltr'>sta</span> <span class='ocrx_word' id='word_1_36' title='bbox 848 684 1035 767; x_wconf 86' lang='lat' dir='ltr'>inresoluta,</span> <span class='ocrx_word' id='word_1_37' title='bbox 1063 696 1109 752; x_wconf 85' lang='lat' dir='ltr'>sta</span> <span class='ocrx_word' id='word_1_38' title='bbox 1138 708 1199 752; x_wconf 88' lang='lat' dir='ltr'>con</span> <span class='ocrx_word' id='word_1_39' title='bbox 1228 683 1344 751; x_wconf 87' lang='lat' dir='ltr'>infiniti</span> <span class='ocrx_word' id='word_1_40' title='bbox 1371 697 1402 752; x_wconf 91' lang='lat' dir='ltr'>et</span> <span class='ocrx_word' id='word_1_41' title='bbox 1428 709 1521 773; x_wconf 89' lang='lat' dir='ltr'>gran-</span> 
     </span>
     <span class='ocr_line' id='line_1_5' title="bbox 150 792 460 880; baseline -0.003 -20"><span class='ocrx_word' id='word_1_42' title='bbox 150 792 269 860; x_wconf 87' lang='lat' dir='ltr'>dissimi</span> <span class='ocrx_word' id='word_1_43' title='bbox 298 793 460 880; x_wconf 83' lang='lat' dir='ltr'>pericoli«.</span> 
     </span>
    </p>

    <p class='ocr_par' dir='ltr' id='par_1_3' title="bbox 147 895 1536 3098">
     <span class='ocr_line' id='line_1_6' title="bbox 253 895 1520 984; baseline -0.001 -18"><span class='ocrx_word' id='word_1_44' title='bbox 253 899 318 966; x_wconf 90' lang='lat' dir='ltr'>Del</span> <span class='ocrx_word' id='word_1_45' title='bbox 339 909 442 967; x_wconf 83' lang='lat' dir='ltr'>tentat</span> <span class='ocrx_word' id='word_1_46' title='bbox 466 897 615 965; x_wconf 82' lang='lat' dir='ltr'>»l’animo</span> <span class='ocrx_word' id='word_1_47' title='bbox 639 896 719 965; x_wconf 83' lang='lat' dir='ltr'>della</span> <span class='ocrx_word' id='word_1_48' title='bbox 740 898 850 984; x_wconf 86' lang='lat' dir='ltr'>regina</span> <span class='ocrx_word' id='word_1_49' title='bbox 879 916 910 963; x_wconf 90' lang='lat' dir='ltr'>et</span> <span class='ocrx_word' id='word_1_50' title='bbox 932 895 1074 964; x_wconf 85' lang='lat' dir='ltr'>suaderla</span> <span class='ocrx_word' id='word_1_51' title='bbox 1096 919 1114 962; x_wconf 86' lang='lat' dir='ltr'>a</span> <span class='ocrx_word' id='word_1_52' title='bbox 1137 897 1330 965; x_wconf 80' lang='lat' dir='ltr'>contentarsi</span> <span class='ocrx_word' id='word_1_53' title='bbox 1358 895 1389 965; x_wconf 92' lang='lat' dir='ltr'>di</span> <span class='ocrx_word' id='word_1_54' title='bbox 1412 899 1520 965; x_wconf 89' lang='lat' dir='ltr'>venire</span> 
     </span>
     <span class='ocr_line' id='line_1_7' title="bbox 149 1001 1536 1093; baseline 0 -23"><span class='ocrx_word' id='word_1_55' title='bbox 149 1016 289 1093; x_wconf 86' lang='lat' dir='ltr'>separata</span> <span class='ocrx_word' id='word_1_56' title='bbox 306 1005 386 1072; x_wconf 88' lang='lat' dir='ltr'>etin</span> <span class='ocrx_word' id='word_1_57' title='bbox 401 1002 600 1092; x_wconf 86' lang='lat' dir='ltr'>professione</span> <span class='ocrx_word' id='word_1_58' title='bbox 620 1001 652 1069; x_wconf 93' lang='lat' dir='ltr'>di</span> <span class='ocrx_word' id='word_1_59' title='bbox 667 1001 798 1092; x_wconf 81' lang='lat' dir='ltr'>qualche</span> <span class='ocrx_word' id='word_1_60' title='bbox 815 1002 1002 1090; x_wconf 85' lang='lat' dir='ltr'>religione«,</span> <span class='ocrx_word' id='word_1_61' title='bbox 1026 1003 1128 1069; x_wconf 84' lang='lat' dir='ltr'>siamo</span> <span class='ocrx_word' id='word_1_62' title='bbox 1146 1003 1292 1069; x_wconf 90' lang='lat' dir='ltr'>concorsi</span> <span class='ocrx_word' id='word_1_63' title='bbox 1307 1003 1338 1068; x_wconf 90' lang='lat' dir='ltr'>in</span> <span class='ocrx_word' id='word_1_64' title='bbox 1356 1003 1520 1091; x_wconf 89' lang='lat' dir='ltr'>opinione,</span> <span class='ocrx_word' id='word_1_65' title='bbox 1534 1017 1536 1025; x_wconf 89' lang='lat'>&#39;</span> 
     </span>
     <span class='ocr_line' id='line_1_8' title="bbox 150 1107 1521 1198; baseline -0.001 -21"><span class='ocrx_word' id='word_1_66' title='bbox 150 1123 182 1177; x_wconf 90' lang='lat' dir='ltr'>et</span> <span class='ocrx_word' id='word_1_67' title='bbox 204 1133 221 1177; x_wconf 86' lang='lat' dir='ltr'>a</span> <span class='ocrx_word' id='word_1_68' title='bbox 243 1121 354 1198; x_wconf 81' lang='lat' dir='ltr'>questa</span> <span class='ocrx_word' id='word_1_69' title='bbox 377 1111 426 1178; x_wconf 83' lang='lat' dir='ltr'>via</span> <span class='ocrx_word' id='word_1_70' title='bbox 449 1109 481 1176; x_wconf 85' lang='lat' dir='ltr'>S.</span> <span class='ocrx_word' id='word_1_71' title='bbox 497 1109 528 1176; x_wconf 90' lang='lat' dir='ltr'>S.</span> <span class='ocrx_word' id='word_1_72' title='bbox 546 1109 636 1178; x_wconf 88' lang='lat' dir='ltr'>Rma.</span> <span class='ocrx_word' id='word_1_73' title='bbox 661 1109 705 1174; x_wconf 89' lang='lat' dir='ltr'>mi</span> <span class='ocrx_word' id='word_1_74' title='bbox 727 1119 887 1196; x_wconf 89' lang='lat' dir='ltr'>promette</span> <span class='ocrx_word' id='word_1_75' title='bbox 912 1109 990 1195; x_wconf 87' lang='lat' dir='ltr'>ogni</span> <span class='ocrx_word' id='word_1_76' title='bbox 1013 1110 1098 1175; x_wconf 87' lang='lat' dir='ltr'>aiuto</span> <span class='ocrx_word' id='word_1_77' title='bbox 1122 1131 1181 1174; x_wconf 91' lang='lat' dir='ltr'>suo</span> <span class='ocrx_word' id='word_1_78' title='bbox 1205 1120 1237 1176; x_wconf 89' lang='lat' dir='ltr'>et</span> <span class='ocrx_word' id='word_1_79' title='bbox 1260 1107 1291 1175; x_wconf 91' lang='lat' dir='ltr'>di</span> <span class='ocrx_word' id='word_1_80' title='bbox 1313 1109 1386 1176; x_wconf 86' lang='lat' dir='ltr'>tutti</span> <span class='ocrx_word' id='word_1_81' title='bbox 1408 1107 1428 1174; x_wconf 94' lang='lat' dir='ltr'>li</span> <span class='ocrx_word' id='word_1_82' title='bbox 1451 1131 1521 1196; x_wconf 89' lang='lat' dir='ltr'>pre·</span> 
     </span>
     <span class='ocr_line' id='line_1_9' title="bbox 149 1211 1521 1304; baseline -0.001 -21"><span class='ocrx_word' id='word_1_83' title='bbox 149 1216 201 1283; x_wconf 86' lang='lat' dir='ltr'>lati</span> <span class='ocrx_word' id='word_1_84' title='bbox 225 1215 277 1282; x_wconf 91' lang='lat' dir='ltr'>del</span> <span class='ocrx_word' id='word_1_85' title='bbox 291 1237 396 1304; x_wconf 89' lang='lat' dir='ltr'>regno</span> <span class='ocrx_word' id='word_1_86' title='bbox 419 1215 486 1282; x_wconf 87' lang='lat' dir='ltr'>etil</span> <span class='ocrx_word' id='word_1_87' title='bbox 508 1215 597 1283; x_wconf 86' lang='lat' dir='ltr'>favor</span> <span class='ocrx_word' id='word_1_88' title='bbox 619 1213 671 1281; x_wconf 91' lang='lat' dir='ltr'>del</span> <span class='ocrx_word' id='word_1_89' title='bbox 688 1237 733 1297; x_wconf 90' lang='lat' dir='ltr'>re,</span> <span class='ocrx_word' id='word_1_90' title='bbox 756 1237 819 1280; x_wconf 87' lang='lat' dir='ltr'>con</span> <span class='ocrx_word' id='word_1_91' title='bbox 835 1211 910 1280; x_wconf 86' lang='lat' dir='ltr'>larle</span> <span class='ocrx_word' id='word_1_92' title='bbox 933 1224 1012 1281; x_wconf 91' lang='lat' dir='ltr'>tutte</span> <span class='ocrx_word' id='word_1_93' title='bbox 1028 1212 1129 1302; x_wconf 91' lang='lat' dir='ltr'>quelle</span> <span class='ocrx_word' id='word_1_94' title='bbox 1152 1214 1310 1282; x_wconf 88' lang='lat' dir='ltr'>honorate</span> <span class='ocrx_word' id='word_1_95' title='bbox 1333 1215 1521 1298; x_wconf 83' lang='lat' dir='ltr'>conditioni,</span> 
     </span>
     <span class='ocr_line' id='line_1_10' title="bbox 150 1318 1521 1410; baseline -0.001 -21"><span class='ocrx_word' id='word_1_96' title='bbox 150 1321 260 1389; x_wconf 90' lang='lat' dir='ltr'>ch&#39;ella</span> <span class='ocrx_word' id='word_1_97' title='bbox 284 1344 410 1409; x_wconf 88' lang='lat' dir='ltr'>sapesse</span> <span class='ocrx_word' id='word_1_98' title='bbox 434 1319 644 1401; x_wconf 88' lang='lat' dir='ltr'>domandare,</span> <span class='ocrx_word' id='word_1_99' title='bbox 673 1332 705 1387; x_wconf 90' lang='lat' dir='ltr'>et</span> <span class='ocrx_word' id='word_1_100' title='bbox 727 1318 766 1386; x_wconf 85' lang='lat' dir='ltr'>da</span> <span class='ocrx_word' id='word_1_101' title='bbox 789 1332 901 1407; x_wconf 88' lang='lat' dir='ltr'>potere</span> <span class='ocrx_word' id='word_1_102' title='bbox 928 1338 1010 1387; x_wconf 85' lang='lat' dir='ltr'>stare</span> <span class='ocrx_word' id='word_1_103' title='bbox 1033 1342 1127 1408; x_wconf 85' lang='lat' dir='ltr'>come</span> <span class='ocrx_word' id='word_1_104' title='bbox 1150 1321 1259 1406; x_wconf 89' lang='lat' dir='ltr'>regina</span> <span class='ocrx_word' id='word_1_105' title='bbox 1283 1324 1324 1387; x_wconf 79' lang='lat' dir='ltr'>ne</span> <span class='ocrx_word' id='word_1_106' title='bbox 1352 1322 1385 1387; x_wconf 92' lang='lat' dir='ltr'>in</span> <span class='ocrx_word' id='word_1_107' title='bbox 1408 1333 1521 1410; x_wconf 89' lang='lat' dir='ltr'>questo</span> 
     </span>
     <span class='ocr_line' id='line_1_11' title="bbox 148 1424 1521 1516; baseline -0.001 -21"><span class='ocrx_word' id='word_1_108' title='bbox 148 1425 283 1516; x_wconf 91' lang='lat' dir='ltr'>perdere</span> <span class='ocrx_word' id='word_1_109' title='bbox 306 1426 396 1508; x_wconf 81' lang='lat' dir='ltr'>altro,</span> <span class='ocrx_word' id='word_1_110' title='bbox 426 1426 484 1493; x_wconf 91' lang='lat' dir='ltr'>che</span> <span class='ocrx_word' id='word_1_111' title='bbox 510 1426 615 1493; x_wconf 89' lang='lat' dir='ltr'>»l’uso</span> <span class='ocrx_word' id='word_1_112' title='bbox 639 1425 717 1492; x_wconf 87' lang='lat' dir='ltr'>della</span> <span class='ocrx_word' id='word_1_113' title='bbox 745 1447 882 1513; x_wconf 88' lang='lat' dir='ltr'>persona</span> <span class='ocrx_word' id='word_1_114' title='bbox 909 1424 961 1492; x_wconf 91' lang='lat' dir='ltr'>del</span> <span class='ocrx_word' id='word_1_115' title='bbox 981 1448 1053 1508; x_wconf 89' lang='lat' dir='ltr'>re«,</span> <span class='ocrx_word' id='word_1_116' title='bbox 1081 1424 1110 1492; x_wconf 86' lang='lat' dir='ltr'>la</span> <span class='ocrx_word' id='word_1_117' title='bbox 1133 1425 1222 1514; x_wconf 85' lang='lat' dir='ltr'>quale</span> <span class='ocrx_word' id='word_1_118' title='bbox 1250 1427 1329 1513; x_wconf 86' lang='lat' dir='ltr'>perb</span> <span class='ocrx_word' id='word_1_119' title='bbox 1351 1428 1403 1514; x_wconf 78' lang='lat' dir='ltr'>git</span> <span class='ocrx_word' id='word_1_120' title='bbox 1429 1428 1521 1494; x_wconf 90' lang='lat' dir='ltr'>molti</span> 
     </span>
     <span class='ocr_line' id='line_1_12' title="bbox 149 1528 1523 1619; baseline 0 -19"><span class='ocrx_word' id='word_1_121' title='bbox 149 1534 224 1600; x_wconf 87' lang='lat' dir='ltr'>anni</span> <span class='ocrx_word' id='word_1_122' title='bbox 246 1531 317 1600; x_wconf 86' lang='lat' dir='ltr'>dice</span> <span class='ocrx_word' id='word_1_123' title='bbox 340 1531 399 1599; x_wconf 92' lang='lat' dir='ltr'>che</span> <span class='ocrx_word' id='word_1_124' title='bbox 422 1531 461 1598; x_wconf 86' lang='lat' dir='ltr'>ha</span> <span class='ocrx_word' id='word_1_125' title='bbox 486 1530 655 1619; x_wconf 73' lang='lat' dir='ltr'>»perduto²</span> <span class='ocrx_word' id='word_1_126' title='bbox 680 1542 712 1598; x_wconf 90' lang='lat' dir='ltr'>et</span> <span class='ocrx_word' id='word_1_127' title='bbox 729 1530 867 1598; x_wconf 81' lang='lat' dir='ltr'>lasciarle</span> <span class='ocrx_word' id='word_1_128' title='bbox 890 1529 918 1597; x_wconf 91' lang='lat' dir='ltr'>la</span> <span class='ocrx_word' id='word_1_129' title='bbox 935 1528 1021 1612; x_wconf 93' lang='lat' dir='ltr'>dote,</span> <span class='ocrx_word' id='word_1_130' title='bbox 1045 1529 1162 1610; x_wconf 86' lang='lat' dir='ltr'>danari,</span> <span class='ocrx_word' id='word_1_131' title='bbox 1183 1533 1363 1598; x_wconf 87' lang='lat' dir='ltr'>ornamenti</span> <span class='ocrx_word' id='word_1_132' title='bbox 1386 1543 1418 1599; x_wconf 84' lang='lat' dir='ltr'>et</span> <span class='ocrx_word' id='word_1_133' title='bbox 1440 1556 1523 1600; x_wconf 86' lang='lat' dir='ltr'>asse·</span> 
     </span>
     <span class='ocr_line' id='line_1_13' title="bbox 149 1634 1523 1727; baseline 0 -22"><span class='ocrx_word' id='word_1_134' title='bbox 149 1638 317 1727; x_wconf 88' lang='lat' dir='ltr'>gnamenti</span> <span class='ocrx_word' id='word_1_135' title='bbox 340 1660 395 1725; x_wconf 89' lang='lat' dir='ltr'>per</span> <span class='ocrx_word' id='word_1_136' title='bbox 419 1660 478 1704; x_wconf 85' lang='lat' dir='ltr'>suo</span> <span class='ocrx_word' id='word_1_137' title='bbox 501 1638 607 1704; x_wconf 91' lang='lat' dir='ltr'>vivere</span> <span class='ocrx_word' id='word_1_138' title='bbox 630 1649 663 1704; x_wconf 89' lang='lat' dir='ltr'>et</span> <span class='ocrx_word' id='word_1_139' title='bbox 685 1634 784 1704; x_wconf 89' lang='lat' dir='ltr'>molte</span> <span class='ocrx_word' id='word_1_140' title='bbox 807 1635 884 1703; x_wconf 87' lang='lat' dir='ltr'>altre</span> <span class='ocrx_word' id='word_1_141' title='bbox 900 1659 1012 1720; x_wconf 84' lang='lat' dir='ltr'>cose«,</span> <span class='ocrx_word' id='word_1_142' title='bbox 1036 1647 1069 1703; x_wconf 90' lang='lat' dir='ltr'>et</span> <span class='ocrx_word' id='word_1_143' title='bbox 1091 1634 1316 1723; x_wconf 88' lang='lat' dir='ltr'>specialmente</span> <span class='ocrx_word' id='word_1_144' title='bbox 1339 1637 1370 1704; x_wconf 90' lang='lat' dir='ltr'>di</span> <span class='ocrx_word' id='word_1_145' title='bbox 1389 1636 1523 1706; x_wconf 82' lang='lat' dir='ltr'>stabilire</span> 
     </span>
     <span class='ocr_line' id='line_1_14' title="bbox 149 1739 1524 1830; baseline -0.001 -18"><span class='ocrx_word' id='word_1_146' title='bbox 149 1745 230 1812; x_wconf 90' lang='lat' dir='ltr'>hora</span> <span class='ocrx_word' id='word_1_147' title='bbox 254 1743 307 1811; x_wconf 77' lang='lat' dir='ltr'>ala</span> <span class='ocrx_word' id='word_1_148' title='bbox 329 1743 512 1810; x_wconf 88' lang='lat' dir='ltr'>succession</span> <span class='ocrx_word' id='word_1_149' title='bbox 540 1741 591 1808; x_wconf 93' lang='lat' dir='ltr'>del</span> <span class='ocrx_word' id='word_1_150' title='bbox 617 1763 719 1830; x_wconf 86' lang='lat' dir='ltr'>regno</span> <span class='ocrx_word' id='word_1_151' title='bbox 742 1741 823 1809; x_wconf 81' lang='lat' dir='ltr'>nella</span> <span class='ocrx_word' id='word_1_152' title='bbox 846 1741 1000 1830; x_wconf 88' lang='lat' dir='ltr'>figliuola‚</span> <span class='ocrx_word' id='word_1_153' title='bbox 1030 1765 1093 1809; x_wconf 84' lang='lat' dir='ltr'>con</span> <span class='ocrx_word' id='word_1_154' title='bbox 1116 1739 1228 1809; x_wconf 90' lang='lat' dir='ltr'>ordine</span> <span class='ocrx_word' id='word_1_155' title='bbox 1256 1754 1290 1810; x_wconf 90' lang='lat' dir='ltr'>et</span> <span class='ocrx_word' id='word_1_156' title='bbox 1308 1765 1469 1810; x_wconf 87' lang='lat' dir='ltr'>consenso</span> <span class='ocrx_word' id='word_1_157' title='bbox 1493 1743 1524 1811; x_wconf 86' lang='lat' dir='ltr'>di</span> 
     </span>
     <span class='ocr_line' id='line_1_15' title="bbox 147 1847 1522 1934; baseline -0.002 -15"><span class='ocrx_word' id='word_1_158' title='bbox 147 1852 224 1919; x_wconf 89' lang='lat' dir='ltr'>tutti</span> <span class='ocrx_word' id='word_1_159' title='bbox 247 1849 268 1917; x_wconf 92' lang='lat' dir='ltr'>li</span> <span class='ocrx_word' id='word_1_160' title='bbox 290 1851 362 1916; x_wconf 81' lang='lat' dir='ltr'>stati</span> <span class='ocrx_word' id='word_1_161' title='bbox 389 1850 422 1915; x_wconf 94' lang='lat' dir='ltr'>in</span> <span class='ocrx_word' id='word_1_162' title='bbox 446 1871 520 1916; x_wconf 88' lang='lat' dir='ltr'>caso</span> <span class='ocrx_word' id='word_1_163' title='bbox 544 1848 603 1915; x_wconf 88' lang='lat' dir='ltr'>che</span> <span class='ocrx_word' id='word_1_164' title='bbox 632 1871 698 1915; x_wconf 95' lang='lat' dir='ltr'>non</span> <span class='ocrx_word' id='word_1_165' title='bbox 722 1849 750 1914; x_wconf 88' lang='lat' dir='ltr'>ci</span> <span class='ocrx_word' id='word_1_166' title='bbox 777 1849 823 1914; x_wconf 87' lang='lat' dir='ltr'>sia</span> <span class='ocrx_word' id='word_1_167' title='bbox 845 1847 920 1916; x_wconf 86' lang='lat' dir='ltr'>altra</span> <span class='ocrx_word' id='word_1_168' title='bbox 942 1849 1125 1914; x_wconf 87' lang='lat' dir='ltr'>succession</span> <span class='ocrx_word' id='word_1_169' title='bbox 1153 1847 1294 1934; x_wconf 87' lang='lat' dir='ltr'>legitima</span> <span class='ocrx_word' id='word_1_170' title='bbox 1320 1849 1522 1916; x_wconf 87' lang='lat' dir='ltr'>masculina«.</span> 
     </span>
     <span class='ocr_line' id='line_1_16' title="bbox 147 1952 1524 2043; baseline 0 -21"><span class='ocrx_word' id='word_1_171' title='bbox 147 1957 190 2024; x_wconf 87' lang='lat' dir='ltr'>Et</span> <span class='ocrx_word' id='word_1_172' title='bbox 212 1956 321 2022; x_wconf 87' lang='lat' dir='ltr'>hanno</span> <span class='ocrx_word' id='word_1_173' title='bbox 348 1967 481 2043; x_wconf 86' lang='lat' dir='ltr'>pensato</span> <span class='ocrx_word' id='word_1_174' title='bbox 512 1953 568 2020; x_wconf 93' lang='lat' dir='ltr'>»di</span> <span class='ocrx_word' id='word_1_175' title='bbox 595 1953 751 2021; x_wconf 83' lang='lat' dir='ltr'>maritarla</span> <span class='ocrx_word' id='word_1_176' title='bbox 779 1976 841 2021; x_wconf 88' lang='lat' dir='ltr'>con</span> <span class='ocrx_word' id='word_1_177' title='bbox 869 1952 1014 2042; x_wconf 86' lang='lat' dir='ltr'>dispensa</span> <span class='ocrx_word' id='word_1_178' title='bbox 1042 1952 1073 2021; x_wconf 94' lang='lat' dir='ltr'>di</span> <span class='ocrx_word' id='word_1_179' title='bbox 1096 1955 1157 2021; x_wconf 87' lang='lat' dir='ltr'>Sua</span> <span class='ocrx_word' id='word_1_180' title='bbox 1180 1954 1300 2022; x_wconf 76' lang='lat' dir='ltr'>Santith</span> <span class='ocrx_word' id='word_1_181' title='bbox 1327 1954 1354 2021; x_wconf 84' lang='lat' dir='ltr'>al</span> <span class='ocrx_word' id='word_1_182' title='bbox 1379 1953 1524 2043; x_wconf 87' lang='lat' dir='ltr'>figliuolo</span> 
     </span>
     <span class='ocr_line' id='line_1_17' title="bbox 147 2057 1525 2149; baseline -0.001 -21"><span class='ocrx_word' id='word_1_183' title='bbox 147 2061 273 2128; x_wconf 85' lang='lat' dir='ltr'>natural</span> <span class='ocrx_word' id='word_1_184' title='bbox 292 2059 341 2127; x_wconf 92' lang='lat' dir='ltr'>del</span> <span class='ocrx_word' id='word_1_185' title='bbox 358 2084 429 2142; x_wconf 75' lang='lat' dir='ltr'>re«,</span> <span class='ocrx_word' id='word_1_186' title='bbox 452 2084 487 2127; x_wconf 92' lang='lat' dir='ltr'>se</span> <span class='ocrx_word' id='word_1_187' title='bbox 502 2061 528 2126; x_wconf 90' lang='lat' dir='ltr'>si</span> <span class='ocrx_word' id='word_1_188' title='bbox 544 2062 636 2148; x_wconf 77' lang='lat' dir='ltr'>potra</span> <span class='ocrx_word' id='word_1_189' title='bbox 658 2059 731 2127; x_wconf 85' lang='lat' dir='ltr'>fare.</span> <span class='ocrx_word' id='word_1_190' title='bbox 769 2057 874 2126; x_wconf 86' lang='lat' dir='ltr'>Ache</span> <span class='ocrx_word' id='word_1_191' title='bbox 898 2060 1016 2128; x_wconf 83' lang='lat' dir='ltr'>haveva</span> <span class='ocrx_word' id='word_1_192' title='bbox 1038 2060 1130 2128; x_wconf 87' lang='lat' dir='ltr'>anch&#39;</span> <span class='ocrx_word' id='word_1_193' title='bbox 1155 2061 1186 2126; x_wconf 90' lang='lat' dir='ltr'>io</span> <span class='ocrx_word' id='word_1_194' title='bbox 1203 2072 1336 2148; x_wconf 85' lang='lat' dir='ltr'>pensato</span> <span class='ocrx_word' id='word_1_195' title='bbox 1352 2061 1454 2149; x_wconf 83' lang='lat' dir='ltr'>prima</span> <span class='ocrx_word' id='word_1_196' title='bbox 1469 2083 1525 2148; x_wconf 91' lang='lat' dir='ltr'>per</span> 
     </span>
     <span class='ocr_line' id='line_1_18' title="bbox 147 2164 1525 2255; baseline 0 -21"><span class='ocrx_word' id='word_1_197' title='bbox 147 2166 366 2234; x_wconf 82' lang='lat' dir='ltr'>stabilimento</span> <span class='ocrx_word' id='word_1_198' title='bbox 390 2165 469 2234; x_wconf 86' lang='lat' dir='ltr'>della</span> <span class='ocrx_word' id='word_1_199' title='bbox 491 2167 709 2248; x_wconf 80' lang='lat' dir='ltr'>successione3</span> <span class='ocrx_word' id='word_1_200' title='bbox 742 2189 809 2232; x_wconf 90' lang='lat' dir='ltr'>non</span> <span class='ocrx_word' id='word_1_201' title='bbox 834 2164 929 2232; x_wconf 87' lang='lat' dir='ltr'>credo</span> <span class='ocrx_word' id='word_1_202' title='bbox 953 2167 1042 2253; x_wconf 86' lang='lat' dir='ltr'>perb,</span> <span class='ocrx_word' id='word_1_203' title='bbox 1069 2165 1128 2232; x_wconf 92' lang='lat' dir='ltr'>che</span> <span class='ocrx_word' id='word_1_204' title='bbox 1151 2178 1264 2254; x_wconf 89' lang='lat' dir='ltr'>questo</span> <span class='ocrx_word' id='word_1_205' title='bbox 1288 2166 1423 2255; x_wconf 89' lang='lat' dir='ltr'>disegno</span> <span class='ocrx_word' id='word_1_206' title='bbox 1447 2165 1525 2234; x_wconf 91' lang='lat' dir='ltr'>basti</span> 
     </span>
     <span class='ocr_line' id='line_1_19' title="bbox 148 2269 1525 2363; baseline -0.001 -23"><span class='ocrx_word' id='word_1_207' title='bbox 148 2295 210 2363; x_wconf 90' lang='lat' dir='ltr'>per</span> <span class='ocrx_word' id='word_1_208' title='bbox 230 2273 391 2339; x_wconf 87' lang='lat' dir='ltr'>rimovere</span> <span class='ocrx_word' id='word_1_209' title='bbox 414 2272 436 2339; x_wconf 90' lang='lat' dir='ltr'>il</span> <span class='ocrx_word' id='word_1_210' title='bbox 456 2273 561 2361; x_wconf 89' lang='lat' dir='ltr'>primo</span> <span class='ocrx_word' id='word_1_211' title='bbox 585 2271 743 2339; x_wconf 89' lang='lat' dir='ltr'>desiderio</span> <span class='ocrx_word' id='word_1_212' title='bbox 767 2270 817 2338; x_wconf 93' lang='lat' dir='ltr'>del</span> <span class='ocrx_word' id='word_1_213' title='bbox 840 2294 884 2338; x_wconf 89' lang='lat' dir='ltr'>re.</span> <span class='ocrx_word' id='word_1_214' title='bbox 921 2271 959 2338; x_wconf 87' lang='lat' dir='ltr'>Et</span> <span class='ocrx_word' id='word_1_215' title='bbox 982 2269 1110 2359; x_wconf 86' lang='lat' dir='ltr'>quando</span> <span class='ocrx_word' id='word_1_216' title='bbox 1133 2270 1177 2338; x_wconf 94' lang='lat' dir='ltr'>ho</span> <span class='ocrx_word' id='word_1_217' title='bbox 1202 2270 1302 2355; x_wconf 89' lang='lat' dir='ltr'>detto,</span> <span class='ocrx_word' id='word_1_218' title='bbox 1325 2272 1384 2340; x_wconf 89' lang='lat' dir='ltr'>che</span> <span class='ocrx_word' id='word_1_219' title='bbox 1407 2295 1525 2339; x_wconf 91' lang='lat' dir='ltr'>venen-</span> 
     </span>
     <span class='ocr_line' id='line_1_20' title="bbox 150 2374 1525 2468; baseline -0.001 -23"><span class='ocrx_word' id='word_1_220' title='bbox 150 2378 225 2446; x_wconf 91' lang='lat' dir='ltr'>dosi</span> <span class='ocrx_word' id='word_1_221' title='bbox 248 2401 266 2444; x_wconf 85' lang='lat' dir='ltr'>a</span> <span class='ocrx_word' id='word_1_222' title='bbox 287 2391 398 2468; x_wconf 84' lang='lat' dir='ltr'>questa</span> <span class='ocrx_word' id='word_1_223' title='bbox 426 2376 634 2444; x_wconf 87' lang='lat' dir='ltr'>dissolutione</span> <span class='ocrx_word' id='word_1_224' title='bbox 663 2375 791 2444; x_wconf 85' lang='lat' dir='ltr'>sarebbe</span> <span class='ocrx_word' id='word_1_225' title='bbox 820 2377 859 2443; x_wconf 87' lang='lat' dir='ltr'>da</span> <span class='ocrx_word' id='word_1_226' title='bbox 881 2400 1013 2466; x_wconf 82' lang='lat' dir='ltr'>pensare</span> <span class='ocrx_word' id='word_1_227' title='bbox 1041 2374 1073 2443; x_wconf 92' lang='lat' dir='ltr'>di</span> <span class='ocrx_word' id='word_1_228' title='bbox 1096 2400 1164 2444; x_wconf 91' lang='lat' dir='ltr'>non</span> <span class='ocrx_word' id='word_1_229' title='bbox 1188 2376 1283 2445; x_wconf 88' lang='lat' dir='ltr'>haver</span> <span class='ocrx_word' id='word_1_230' title='bbox 1310 2379 1374 2444; x_wconf 89' lang='lat' dir='ltr'>mai</span> <span class='ocrx_word' id='word_1_231' title='bbox 1401 2401 1435 2444; x_wconf 93' lang='lat' dir='ltr'>se</span> <span class='ocrx_word' id='word_1_232' title='bbox 1457 2400 1525 2444; x_wconf 93' lang='lat' dir='ltr'>non</span> 
     </span>
     <span class='ocr_line' id='line_1_21' title="bbox 153 2481 1525 2571; baseline 0.002 -25"><span class='ocrx_word' id='word_1_233' title='bbox 153 2483 404 2552; x_wconf 80' lang='lat' dir='ltr'>»mortalissima</span> <span class='ocrx_word' id='word_1_234' title='bbox 426 2503 539 2571; x_wconf 87' lang='lat' dir='ltr'>guerra</span> <span class='ocrx_word' id='word_1_235' title='bbox 562 2506 624 2550; x_wconf 88' lang='lat' dir='ltr'>con</span> <span class='ocrx_word' id='word_1_236' title='bbox 642 2483 769 2565; x_wconf 87' lang='lat' dir='ltr'>Cesare,</span> <span class='ocrx_word' id='word_1_237' title='bbox 792 2493 822 2549; x_wconf 87' lang='lat' dir='ltr'>et</span> <span class='ocrx_word' id='word_1_238' title='bbox 845 2506 908 2550; x_wconf 91' lang='lat' dir='ltr'>con</span> <span class='ocrx_word' id='word_1_239' title='bbox 924 2502 1033 2571; x_wconf 91' lang='lat' dir='ltr'>questa</span> <span class='ocrx_word' id='word_1_240' title='bbox 1056 2484 1081 2549; x_wconf 91' lang='lat' dir='ltr'>si</span> <span class='ocrx_word' id='word_1_241' title='bbox 1104 2481 1296 2570; x_wconf 87' lang='lat' dir='ltr'>perderebbe</span> <span class='ocrx_word' id='word_1_242' title='bbox 1317 2485 1350 2550; x_wconf 93' lang='lat' dir='ltr'>in</span> <span class='ocrx_word' id='word_1_243' title='bbox 1371 2495 1525 2571; x_wconf 88' lang='lat' dir='ltr'>perpetuo</span> 
     </span>
     <span class='ocr_line' id='line_1_22' title="bbox 151 2587 1526 2678; baseline -0.001 -22"><span class='ocrx_word' id='word_1_244' title='bbox 151 2590 180 2656; x_wconf 87' lang='lat' dir='ltr'>la</span> <span class='ocrx_word' id='word_1_245' title='bbox 204 2612 353 2678; x_wconf 82' lang='lat' dir='ltr'>speranza</span> <span class='ocrx_word' id='word_1_246' title='bbox 376 2588 455 2656; x_wconf 82' lang='lat' dir='ltr'>della</span> <span class='ocrx_word' id='word_1_247' title='bbox 471 2611 548 2677; x_wconf 86' lang='lat' dir='ltr'>pace</span> <span class='ocrx_word' id='word_1_248' title='bbox 571 2588 757 2671; x_wconf 85' lang='lat' dir='ltr'>universale,</span> <span class='ocrx_word' id='word_1_249' title='bbox 780 2590 825 2654; x_wconf 88' lang='lat' dir='ltr'>mi</span> <span class='ocrx_word' id='word_1_250' title='bbox 848 2587 999 2676; x_wconf 89' lang='lat' dir='ltr'>risponde</span> <span class='ocrx_word' id='word_1_251' title='bbox 1022 2589 1080 2656; x_wconf 88' lang='lat' dir='ltr'>che</span> <span class='ocrx_word' id='word_1_252' title='bbox 1097 2612 1175 2671; x_wconf 93' lang='lat' dir='ltr'>non,</span> <span class='ocrx_word' id='word_1_253' title='bbox 1198 2589 1315 2677; x_wconf 71' lang='lat' dir='ltr'>perche</span> <span class='ocrx_word' id='word_1_254' title='bbox 1338 2613 1405 2656; x_wconf 90' lang='lat' dir='ltr'>non</span> <span class='ocrx_word' id='word_1_255' title='bbox 1422 2589 1453 2656; x_wconf 95' lang='lat' dir='ltr'>lo</span> <span class='ocrx_word' id='word_1_256' title='bbox 1474 2587 1526 2655; x_wconf 93' lang='lat' dir='ltr'>ha·</span> 
     </span>
     <span class='ocr_line' id='line_1_23' title="bbox 152 2693 1525 2777; baseline -0.001 -14"><span class='ocrx_word' id='word_1_257' title='bbox 152 2699 228 2764; x_wconf 70' lang='lat' dir='ltr'>vera</span> <span class='ocrx_word' id='word_1_258' title='bbox 251 2699 358 2762; x_wconf 86' lang='lat' dir='ltr'>cosla</span> <span class='ocrx_word' id='word_1_259' title='bbox 380 2693 477 2777; x_wconf 86' lang='lat' dir='ltr'>male,</span> <span class='ocrx_word' id='word_1_260' title='bbox 503 2693 662 2764; x_wconf 87' lang='lat' dir='ltr'>trattando</span> <span class='ocrx_word' id='word_1_261' title='bbox 687 2713 718 2762; x_wconf 89' lang='lat' dir='ltr'>et</span> <span class='ocrx_word' id='word_1_262' title='bbox 739 2693 923 2762; x_wconf 90' lang='lat' dir='ltr'>risolvendo</span> <span class='ocrx_word' id='word_1_263' title='bbox 944 2693 972 2760; x_wconf 86' lang='lat' dir='ltr'>la</span> <span class='ocrx_word' id='word_1_264' title='bbox 995 2717 1069 2761; x_wconf 92' lang='lat' dir='ltr'>cosa</span> <span class='ocrx_word' id='word_1_265' title='bbox 1091 2718 1153 2761; x_wconf 91' lang='lat' dir='ltr'>con</span> <span class='ocrx_word' id='word_1_266' title='bbox 1179 2706 1269 2762; x_wconf 88' lang='lat' dir='ltr'>tanto</span> <span class='ocrx_word' id='word_1_267' title='bbox 1292 2694 1469 2762; x_wconf 92' lang='lat' dir='ltr'>commodo</span> <span class='ocrx_word' id='word_1_268' title='bbox 1494 2706 1525 2762; x_wconf 91' lang='lat' dir='ltr'>et</span> 
     </span>
     <span class='ocr_line' id='line_1_24' title="bbox 154 2797 1525 2889; baseline -0.001 -21"><span class='ocrx_word' id='word_1_269' title='bbox 154 2802 281 2868; x_wconf 89' lang='lat' dir='ltr'>honore</span> <span class='ocrx_word' id='word_1_270' title='bbox 311 2799 390 2868; x_wconf 82' lang='lat' dir='ltr'>della</span> <span class='ocrx_word' id='word_1_271' title='bbox 419 2802 566 2888; x_wconf 77' lang='lat' dir='ltr'>reginae,</span> <span class='ocrx_word' id='word_1_272' title='bbox 597 2801 713 2889; x_wconf 75' lang='lat' dir='ltr'>poiche</span> <span class='ocrx_word' id='word_1_273' title='bbox 741 2822 809 2866; x_wconf 90' lang='lat' dir='ltr'>non</span> <span class='ocrx_word' id='word_1_274' title='bbox 840 2804 858 2866; x_wconf 78' lang='grc' dir='ltr'>ὲ</span> <span class='ocrx_word' id='word_1_275' title='bbox 887 2797 925 2866; x_wconf 85' lang='lat' dir='ltr'>da</span> <span class='ocrx_word' id='word_1_276' title='bbox 957 2797 1100 2882; x_wconf 88' lang='lat' dir='ltr'>credere,</span> <span class='ocrx_word' id='word_1_277' title='bbox 1131 2801 1189 2868; x_wconf 91' lang='lat' dir='ltr'>che</span> <span class='ocrx_word' id='word_1_278' title='bbox 1222 2801 1388 2868; x_wconf 69' lang='lat' dir='ltr'>»Cesarea</span> <span class='ocrx_word' id='word_1_279' title='bbox 1420 2799 1525 2889; x_wconf 75' lang='lat' dir='ltr'>voglio</span> 
     </span>
     <span class='ocr_line' id='line_1_25' title="bbox 156 2905 1525 2996; baseline 0 -22"><span class='ocrx_word' id='word_1_280' title='bbox 156 2909 302 2995; x_wconf 76' lang='lat' dir='ltr'>maggior</span> <span class='ocrx_word' id='word_1_281' title='bbox 327 2929 464 2994; x_wconf 80' lang='lat' dir='ltr'>»guerra</span> <span class='ocrx_word' id='word_1_282' title='bbox 488 2925 518 2973; x_wconf 88' lang='lat' dir='ltr'>et</span> <span class='ocrx_word' id='word_1_283' title='bbox 540 2905 628 2994; x_wconf 87' lang='lat' dir='ltr'>briga</span> <span class='ocrx_word' id='word_1_284' title='bbox 650 2905 708 2972; x_wconf 85' lang='lat' dir='ltr'>alle</span> <span class='ocrx_word' id='word_1_285' title='bbox 724 2905 819 2994; x_wconf 84' lang='lat' dir='ltr'>spalle</span> <span class='ocrx_word' id='word_1_286' title='bbox 840 2928 896 2994; x_wconf 90' lang='lat' dir='ltr'>per</span> <span class='ocrx_word' id='word_1_287' title='bbox 912 2924 1032 2994; x_wconf 88' lang='lat' dir='ltr'>questa,</span> <span class='ocrx_word' id='word_1_288' title='bbox 1055 2906 1114 2972; x_wconf 89' lang='lat' dir='ltr'>che</span> <span class='ocrx_word' id='word_1_289' title='bbox 1134 2906 1243 2974; x_wconf 89' lang='lat' dir='ltr'>habbia</span> <span class='ocrx_word' id='word_1_290' title='bbox 1259 2907 1370 2976; x_wconf 89' lang='lat' dir='ltr'>voluto</span> <span class='ocrx_word' id='word_1_291' title='bbox 1392 2929 1449 2996; x_wconf 92' lang='lat' dir='ltr'>per</span> <span class='ocrx_word' id='word_1_292' title='bbox 1463 2906 1525 2974; x_wconf 86' lang='lat' dir='ltr'>due</span> 
     </span>
     <span class='ocr_line' id='line_1_26' title="bbox 157 3011 1060 3098; baseline 0 -18"><span class='ocrx_word' id='word_1_293' title='bbox 157 3013 231 3080; x_wconf 89' lang='lat' dir='ltr'>altre</span> <span class='ocrx_word' id='word_1_294' title='bbox 255 3035 311 3080; x_wconf 86' lang='lat' dir='ltr'>sue</span> <span class='ocrx_word' id='word_1_295' title='bbox 334 3011 449 3079; x_wconf 89' lang='lat' dir='ltr'>sorelle</span> <span class='ocrx_word' id='word_1_296' title='bbox 473 3013 607 3080; x_wconf 85' lang='lat' dir='ltr'>cacciate</span> <span class='ocrx_word' id='word_1_297' title='bbox 629 3011 668 3079; x_wconf 86' lang='lat' dir='ltr'>da</span> <span class='ocrx_word' id='word_1_298' title='bbox 691 3011 739 3078; x_wconf 91' lang='lat' dir='ltr'>lor</span> <span class='ocrx_word' id='word_1_299' title='bbox 763 3012 853 3098; x_wconf 87' lang='lat' dir='ltr'>regni</span> <span class='ocrx_word' id='word_1_300' title='bbox 877 3023 909 3078; x_wconf 90' lang='lat' dir='ltr'>et</span> <span class='ocrx_word' id='word_1_301' title='bbox 931 3014 1026 3080; x_wconf 83' lang='lat' dir='ltr'>stati«</span> <span class='ocrx_word' id='word_1_302' title='bbox 1038 3017 1060 3080; x_wconf 85' lang='lat'>¹.</span> 
     </span>
    </p>

    <p class='ocr_par' dir='ltr' id='par_1_4' title="bbox 160 3117 1532 4794">
     <span class='ocr_line' id='line_1_27' title="bbox 261 3117 1527 3208; baseline 0.001 -23"><span class='ocrx_word' id='word_1_303' title='bbox 261 3119 300 3186; x_wconf 88' lang='lat' dir='ltr'>Et</span> <span class='ocrx_word' id='word_1_304' title='bbox 321 3130 442 3208; x_wconf 88' lang='lat' dir='ltr'>quanto</span> <span class='ocrx_word' id='word_1_305' title='bbox 465 3118 522 3184; x_wconf 88' lang='lat' dir='ltr'>alla</span> <span class='ocrx_word' id='word_1_306' title='bbox 543 3140 620 3205; x_wconf 89' lang='lat' dir='ltr'>pace</span> <span class='ocrx_word' id='word_1_307' title='bbox 643 3117 712 3184; x_wconf 87' lang='lat' dir='ltr'>dice</span> <span class='ocrx_word' id='word_1_308' title='bbox 736 3117 767 3184; x_wconf 79' lang='lat' dir='ltr'>S.</span> <span class='ocrx_word' id='word_1_309' title='bbox 792 3118 823 3184; x_wconf 89' lang='lat' dir='ltr'>S.</span> <span class='ocrx_word' id='word_1_310' title='bbox 848 3118 950 3200; x_wconf 68' lang='lat' dir='ltr'>Rma„</span> <span class='ocrx_word' id='word_1_311' title='bbox 982 3117 1040 3185; x_wconf 84' lang='lat' dir='ltr'>che</span> <span class='ocrx_word' id='word_1_312' title='bbox 1062 3141 1103 3184; x_wconf 93' lang='lat' dir='ltr'>ne</span> <span class='ocrx_word' id='word_1_313' title='bbox 1125 3117 1165 3184; x_wconf 84' lang='lat' dir='ltr'>ha</span> <span class='ocrx_word' id='word_1_314' title='bbox 1188 3118 1275 3186; x_wconf 91' lang='lat' dir='ltr'>buon</span> <span class='ocrx_word' id='word_1_315' title='bbox 1299 3120 1471 3207; x_wconf 88' lang='lat' dir='ltr'>maneggio</span> <span class='ocrx_word' id='word_1_316' title='bbox 1496 3137 1527 3186; x_wconf 92' lang='lat' dir='ltr'>et</span> 
     </span>
     <span class='ocr_line' id='line_1_28' title="bbox 160 3222 1527 3312; baseline 0 -22"><span class='ocrx_word' id='word_1_317' title='bbox 160 3224 262 3292; x_wconf 87' lang='lat' dir='ltr'>buona</span> <span class='ocrx_word' id='word_1_318' title='bbox 283 3226 473 3305; x_wconf 88' lang='lat' dir='ltr'>intentione,</span> <span class='ocrx_word' id='word_1_319' title='bbox 497 3227 539 3290; x_wconf 70' lang='lat' dir='ltr'>nb</span> <span class='ocrx_word' id='word_1_320' title='bbox 562 3246 619 3312; x_wconf 90' lang='lat' dir='ltr'>per</span> <span class='ocrx_word' id='word_1_321' title='bbox 638 3235 751 3312; x_wconf 89' lang='lat' dir='ltr'>questo</span> <span class='ocrx_word' id='word_1_322' title='bbox 775 3225 801 3290; x_wconf 88' lang='lat' dir='ltr'>si</span> <span class='ocrx_word' id='word_1_323' title='bbox 824 3222 957 3305; x_wconf 65' lang='lat' dir='ltr'>turbari,</span> <span class='ocrx_word' id='word_1_324' title='bbox 982 3236 1012 3290; x_wconf 94' lang='lat' dir='ltr'>et</span> <span class='ocrx_word' id='word_1_325' title='bbox 1034 3223 1268 3311; x_wconf 89' lang='lat' dir='ltr'>stringendomi</span> <span class='ocrx_word' id='word_1_326' title='bbox 1293 3236 1324 3291; x_wconf 90' lang='lat' dir='ltr'>et</span> <span class='ocrx_word' id='word_1_327' title='bbox 1346 3223 1527 3292; x_wconf 85' lang='lat' dir='ltr'>facendomi</span> 
     </span>
     <span class='ocr_line' id='line_1_29' title="bbox 161 3327 1527 3418; baseline 0.002 -23"><span class='ocrx_word' id='word_1_328' title='bbox 161 3331 302 3398; x_wconf 86' lang='lat' dir='ltr'>instantia</span> <span class='ocrx_word' id='word_1_329' title='bbox 331 3328 363 3397; x_wconf 92' lang='lat' dir='ltr'>di</span> <span class='ocrx_word' id='word_1_330' title='bbox 385 3329 511 3396; x_wconf 76' lang='lat' dir='ltr'>celeritb</span> <span class='ocrx_word' id='word_1_331' title='bbox 539 3351 595 3417; x_wconf 91' lang='lat' dir='ltr'>per</span> <span class='ocrx_word' id='word_1_332' title='bbox 618 3340 728 3418; x_wconf 88' lang='lat' dir='ltr'>questa</span> <span class='ocrx_word' id='word_1_333' title='bbox 755 3327 972 3417; x_wconf 85' lang='lat' dir='ltr'>expeditione,</span> <span class='ocrx_word' id='word_1_334' title='bbox 1003 3353 1094 3396; x_wconf 88' lang='lat' dir='ltr'>»non</span> <span class='ocrx_word' id='word_1_335' title='bbox 1121 3328 1263 3418; x_wconf 85' lang='lat' dir='ltr'>sapendo</span> <span class='ocrx_word' id='word_1_336' title='bbox 1291 3330 1420 3418; x_wconf 89' lang='lat' dir='ltr'>pigliare</span> <span class='ocrx_word' id='word_1_337' title='bbox 1448 3330 1527 3398; x_wconf 86' lang='lat' dir='ltr'>altro</span> 
     </span>
     <span class='ocr_line' id='line_1_30' title="bbox 162 3433 1526 3522; baseline 0.001 -20"><span class='ocrx_word' id='word_1_338' title='bbox 162 3435 360 3522; x_wconf 80' lang='lat' dir='ltr'>expediente,</span> <span class='ocrx_word' id='word_1_339' title='bbox 388 3458 482 3502; x_wconf 88' lang='lat' dir='ltr'>come</span> <span class='ocrx_word' id='word_1_340' title='bbox 509 3433 549 3501; x_wconf 91' lang='lat' dir='ltr'>da</span> <span class='ocrx_word' id='word_1_341' title='bbox 575 3457 627 3502; x_wconf 89' lang='lat' dir='ltr'>me</span> <span class='ocrx_word' id='word_1_342' title='bbox 659 3433 802 3502; x_wconf 89' lang='lat' dir='ltr'>secondo</span> <span class='ocrx_word' id='word_1_343' title='bbox 831 3435 890 3502; x_wconf 90' lang='lat' dir='ltr'>che</span> <span class='ocrx_word' id='word_1_344' title='bbox 918 3435 980 3502; x_wconf 87' lang='lat' dir='ltr'>Sua</span> <span class='ocrx_word' id='word_1_345' title='bbox 1007 3435 1127 3504; x_wconf 78' lang='lat' dir='ltr'>samita</span> <span class='ocrx_word' id='word_1_346' title='bbox 1154 3437 1199 3502; x_wconf 91' lang='lat' dir='ltr'>mi</span> <span class='ocrx_word' id='word_1_347' title='bbox 1226 3437 1413 3516; x_wconf 89' lang='lat' dir='ltr'>commisse,</span> <span class='ocrx_word' id='word_1_348' title='bbox 1444 3435 1526 3503; x_wconf 88' lang='lat' dir='ltr'>ch&#39;io</span> 
     </span>
     <span class='ocr_line' id='line_1_31' title="bbox 163 3538 1528 3630; baseline 0.001 -24"><span class='ocrx_word' id='word_1_349' title='bbox 163 3541 300 3608; x_wconf 87' lang='lat' dir='ltr'>scrivessi</span> <span class='ocrx_word' id='word_1_350' title='bbox 323 3559 354 3609; x_wconf 91' lang='lat' dir='ltr'>et</span> <span class='ocrx_word' id='word_1_351' title='bbox 377 3542 540 3628; x_wconf 85' lang='lat' dir='ltr'>aspettassi</span> <span class='ocrx_word' id='word_1_352' title='bbox 562 3541 706 3628; x_wconf 86' lang='lat' dir='ltr'>risposta‚</span> <span class='ocrx_word' id='word_1_353' title='bbox 730 3541 772 3607; x_wconf 94' lang='lat' dir='ltr'>ho</span> <span class='ocrx_word' id='word_1_354' title='bbox 798 3538 898 3622; x_wconf 91' lang='lat' dir='ltr'>detto,</span> <span class='ocrx_word' id='word_1_355' title='bbox 921 3541 980 3608; x_wconf 86' lang='lat' dir='ltr'>che</span> <span class='ocrx_word' id='word_1_356' title='bbox 1003 3539 1158 3630; x_wconf 78' lang='lat' dir='ltr'>pattendo</span> <span class='ocrx_word' id='word_1_357' title='bbox 1183 3539 1213 3609; x_wconf 93' lang='lat' dir='ltr'>di</span> <span class='ocrx_word' id='word_1_358' title='bbox 1237 3543 1326 3608; x_wconf 68' lang='lat' dir='ltr'>costi</span> <span class='ocrx_word' id='word_1_359' title='bbox 1347 3541 1410 3608; x_wconf 84' lang='lat' dir='ltr'>Sua</span> <span class='ocrx_word' id='word_1_360' title='bbox 1428 3541 1528 3608; x_wconf 85' lang='lat' dir='ltr'>Beati-</span> 
     </span>
     <span class='ocr_line' id='line_1_32' title="bbox 163 3642 1527 3735; baseline 0.003 -25"><span class='ocrx_word' id='word_1_361' title='bbox 163 3642 267 3712; x_wconf 84' lang='lat' dir='ltr'>tudine</span> <span class='ocrx_word' id='word_1_362' title='bbox 289 3648 334 3712; x_wconf 89' lang='lat' dir='ltr'>mi</span> <span class='ocrx_word' id='word_1_363' title='bbox 357 3644 532 3729; x_wconf 80' lang='lat' dir='ltr'>domando,</span> <span class='ocrx_word' id='word_1_364' title='bbox 556 3645 615 3713; x_wconf 91' lang='lat' dir='ltr'>che</span> <span class='ocrx_word' id='word_1_365' title='bbox 640 3658 789 3714; x_wconf 90' lang='lat' dir='ltr'>concetto</span> <span class='ocrx_word' id='word_1_366' title='bbox 814 3659 846 3714; x_wconf 91' lang='lat' dir='ltr'>et</span> <span class='ocrx_word' id='word_1_367' title='bbox 868 3646 997 3714; x_wconf 83' lang='lat' dir='ltr'>fantasia</span> <span class='ocrx_word' id='word_1_368' title='bbox 1021 3647 1140 3714; x_wconf 87' lang='lat' dir='ltr'>haveva</span> <span class='ocrx_word' id='word_1_369' title='bbox 1164 3648 1194 3713; x_wconf 93' lang='lat' dir='ltr'>in</span> <span class='ocrx_word' id='word_1_370' title='bbox 1213 3665 1322 3735; x_wconf 87' lang='lat' dir='ltr'>questa</span> <span class='ocrx_word' id='word_1_371' title='bbox 1345 3669 1473 3729; x_wconf 86' lang='lat' dir='ltr'>causa«,</span> <span class='ocrx_word' id='word_1_372' title='bbox 1497 3667 1527 3714; x_wconf 92' lang='lat' dir='ltr'>et</span> 
     </span>
     <span class='ocr_line' id='line_1_33' title="bbox 165 3750 1528 3841; baseline 0.002 -25"><span class='ocrx_word' id='word_1_373' title='bbox 165 3750 245 3817; x_wconf 88' lang='lat' dir='ltr'>ch&#39;io</span> <span class='ocrx_word' id='word_1_374' title='bbox 267 3751 286 3818; x_wconf 92' lang='lat' dir='ltr'>li</span> <span class='ocrx_word' id='word_1_375' title='bbox 307 3754 437 3841; x_wconf 86' lang='lat' dir='ltr'>risposi,</span> <span class='ocrx_word' id='word_1_376' title='bbox 465 3752 549 3820; x_wconf 90' lang='lat' dir='ltr'>ch&#39;io</span> <span class='ocrx_word' id='word_1_377' title='bbox 576 3776 666 3820; x_wconf 81' lang='lat' dir='ltr'>»non</span> <span class='ocrx_word' id='word_1_378' title='bbox 690 3776 742 3819; x_wconf 87' lang='lat' dir='ltr'>era</span> <span class='ocrx_word' id='word_1_379' title='bbox 765 3752 899 3820; x_wconf 89' lang='lat' dir='ltr'>risoluto</span> <span class='ocrx_word' id='word_1_380' title='bbox 923 3775 1076 3834; x_wconf 89' lang='lat' dir='ltr'>ancora«,</span> <span class='ocrx_word' id='word_1_381' title='bbox 1104 3776 1156 3819; x_wconf 90' lang='lat' dir='ltr'>ma</span> <span class='ocrx_word' id='word_1_382' title='bbox 1179 3753 1238 3819; x_wconf 91' lang='lat' dir='ltr'>che</span> <span class='ocrx_word' id='word_1_383' title='bbox 1260 3751 1393 3819; x_wconf 85' lang='lat' dir='ltr'>risoluto</span> <span class='ocrx_word' id='word_1_384' title='bbox 1420 3752 1528 3819; x_wconf 90' lang='lat' dir='ltr'>»ch&#39;io</span> 
     </span>
     <span class='ocr_line' id='line_1_34' title="bbox 164 3854 1527 3947; baseline 0.003 -25"><span class='ocrx_word' id='word_1_385' title='bbox 164 3854 296 3938; x_wconf 71' lang='lat' dir='ltr'>fossile</span> <span class='ocrx_word' id='word_1_386' title='bbox 317 3882 358 3925; x_wconf 90' lang='lat' dir='ltr'>ne</span> <span class='ocrx_word' id='word_1_387' title='bbox 382 3858 467 3926; x_wconf 83' lang='lat' dir='ltr'>daria</span> <span class='ocrx_word' id='word_1_388' title='bbox 489 3859 576 3925; x_wconf 85' lang='lat' dir='ltr'>aviso</span> <span class='ocrx_word' id='word_1_389' title='bbox 598 3859 700 3946; x_wconf 85' lang='lat' dir='ltr'>prima</span> <span class='ocrx_word' id='word_1_390' title='bbox 722 3857 805 3924; x_wconf 90' lang='lat' dir='ltr'>ch&#39;io</span> <span class='ocrx_word' id='word_1_391' title='bbox 830 3859 945 3926; x_wconf 90' lang='lat' dir='ltr'>venissi</span> <span class='ocrx_word' id='word_1_392' title='bbox 969 3857 997 3924; x_wconf 84' lang='lat' dir='ltr'>al</span> <span class='ocrx_word' id='word_1_393' title='bbox 1019 3859 1234 3947; x_wconf 90' lang='lat' dir='ltr'>pronuntiare.</span> <span class='ocrx_word' id='word_1_394' title='bbox 1280 3859 1322 3924; x_wconf 91' lang='lat' dir='ltr'>Di</span> <span class='ocrx_word' id='word_1_395' title='bbox 1345 3857 1403 3925; x_wconf 85' lang='lat' dir='ltr'>che</span> <span class='ocrx_word' id='word_1_396' title='bbox 1426 3858 1527 3926; x_wconf 91' lang='lat' dir='ltr'>multo</span> 
     </span>
     <span class='ocr_line' id='line_1_35' title="bbox 165 3961 1529 4053; baseline 0.005 -28"><span class='ocrx_word' id='word_1_397' title='bbox 165 3962 191 4025; x_wconf 91' lang='lat' dir='ltr'>si</span> <span class='ocrx_word' id='word_1_398' title='bbox 206 3961 294 4029; x_wconf 90' lang='lat' dir='ltr'>turbb</span> <span class='ocrx_word' id='word_1_399' title='bbox 317 3982 349 4031; x_wconf 90' lang='lat' dir='ltr'>et</span> <span class='ocrx_word' id='word_1_400' title='bbox 365 3963 464 4031; x_wconf 86' lang='lat' dir='ltr'>disse:</span> <span class='ocrx_word' id='word_1_401' title='bbox 488 3963 521 4030; x_wconf 86' lang='lat' dir='ltr'>Si</span> <span class='ocrx_word' id='word_1_402' title='bbox 537 3964 582 4030; x_wconf 84' lang='lat' dir='ltr'>sic</span> <span class='ocrx_word' id='word_1_403' title='bbox 605 3981 663 4045; x_wconf 89' lang='lat' dir='ltr'>est,</span> <span class='ocrx_word' id='word_1_404' title='bbox 686 3962 764 4031; x_wconf 92' lang='lat' dir='ltr'>nolo</span> <span class='ocrx_word' id='word_1_405' title='bbox 780 3965 945 4052; x_wconf 87' lang='lat' dir='ltr'>negotiare</span> <span class='ocrx_word' id='word_1_406' title='bbox 961 3963 1127 4032; x_wconf 88' lang='lat' dir='ltr'>vobiscum</span> <span class='ocrx_word' id='word_1_407' title='bbox 1149 3965 1217 4032; x_wconf 91' lang='lat' dir='ltr'>sine</span> <span class='ocrx_word' id='word_1_408' title='bbox 1234 3975 1401 4052; x_wconf 86' lang='lat' dir='ltr'>potestate,</span> <span class='ocrx_word' id='word_1_409' title='bbox 1427 3987 1529 4053; x_wconf 90' lang='lat' dir='ltr'>neque</span> 
     </span>
     <span class='ocr_line' id='line_1_36' title="bbox 165 4067 1530 4159; baseline 0.004 -27"><span class='ocrx_word' id='word_1_410' title='bbox 165 4067 211 4132; x_wconf 88' lang='lat' dir='ltr'>sic</span> <span class='ocrx_word' id='word_1_411' title='bbox 234 4069 326 4155; x_wconf 86' lang='lat' dir='ltr'>agitur</span> <span class='ocrx_word' id='word_1_412' title='bbox 342 4092 417 4136; x_wconf 90' lang='lat' dir='ltr'>cum</span> <span class='ocrx_word' id='word_1_413' title='bbox 440 4091 557 4156; x_wconf 58' lang='lat' dir='ltr'>regem</span> <span class='ocrx_word' id='word_1_414' title='bbox 586 4080 618 4136; x_wconf 84' lang='lat' dir='ltr'>et</span> <span class='ocrx_word' id='word_1_415' title='bbox 639 4067 858 4152; x_wconf 89' lang='lat' dir='ltr'>mostrandoli,</span> <span class='ocrx_word' id='word_1_416' title='bbox 883 4070 941 4136; x_wconf 89' lang='lat' dir='ltr'>che</span> <span class='ocrx_word' id='word_1_417' title='bbox 957 4081 1070 4159; x_wconf 90' lang='lat' dir='ltr'>questo</span> <span class='ocrx_word' id='word_1_418' title='bbox 1093 4092 1161 4136; x_wconf 94' lang='lat' dir='ltr'>non</span> <span class='ocrx_word' id='word_1_419' title='bbox 1178 4068 1302 4153; x_wconf 89' lang='lat' dir='ltr'>dicev0‚</span> <span class='ocrx_word' id='word_1_420' title='bbox 1324 4069 1441 4158; x_wconf 71' lang='lat' dir='ltr'>perche</span> <span class='ocrx_word' id='word_1_421' title='bbox 1463 4092 1530 4137; x_wconf 92' lang='lat' dir='ltr'>non</span> 
     </span>
     <span class='ocr_line' id='line_1_37' title="bbox 166 4169 1530 4265; baseline 0.004 -29"><span class='ocrx_word' id='word_1_422' title='bbox 166 4169 294 4240; x_wconf 75' lang='lat' dir='ltr'>citasse</span> <span class='ocrx_word' id='word_1_423' title='bbox 321 4172 500 4256; x_wconf 75' lang='lat' dir='ltr'>lalacoltd,</span> <span class='ocrx_word' id='word_1_424' title='bbox 528 4197 581 4240; x_wconf 83' lang='lat' dir='ltr'>ma</span> <span class='ocrx_word' id='word_1_425' title='bbox 608 4173 679 4240; x_wconf 92' lang='lat' dir='ltr'>solo</span> <span class='ocrx_word' id='word_1_426' title='bbox 708 4197 764 4262; x_wconf 89' lang='lat' dir='ltr'>per</span> <span class='ocrx_word' id='word_1_427' title='bbox 787 4178 915 4265; x_wconf 85' lang='lat' dir='ltr'>exequir</span> <span class='ocrx_word' id='word_1_428' title='bbox 942 4194 1061 4265; x_wconf 85' lang='lat' dir='ltr'>quanto</span> <span class='ocrx_word' id='word_1_429' title='bbox 1090 4176 1209 4243; x_wconf 84' lang='lat' dir='ltr'>haveva</span> <span class='ocrx_word' id='word_1_430' title='bbox 1237 4199 1405 4264; x_wconf 89' lang='lat' dir='ltr'>promesso</span> <span class='ocrx_word' id='word_1_431' title='bbox 1429 4201 1446 4243; x_wconf 86' lang='lat' dir='ltr'>a</span> <span class='ocrx_word' id='word_1_432' title='bbox 1469 4177 1530 4242; x_wconf 88' lang='lat' dir='ltr'>Sua</span> 
     </span>
     <span class='ocr_line' id='line_1_38' title="bbox 164 4277 1530 4370; baseline 0.004 -28"><span class='ocrx_word' id='word_1_433' title='bbox 164 4277 371 4363; x_wconf 82' lang='lat' dir='ltr'>Beatitudine,</span> <span class='ocrx_word' id='word_1_434' title='bbox 399 4303 461 4347; x_wconf 89' lang='lat' dir='ltr'>con</span> <span class='ocrx_word' id='word_1_435' title='bbox 485 4279 561 4347; x_wconf 90' lang='lat' dir='ltr'>altre</span> <span class='ocrx_word' id='word_1_436' title='bbox 590 4280 697 4368; x_wconf 86' lang='lat' dir='ltr'>parole</span> <span class='ocrx_word' id='word_1_437' title='bbox 726 4305 907 4370; x_wconf 90' lang='lat' dir='ltr'>passammo</span> <span class='ocrx_word' id='word_1_438' title='bbox 935 4280 1015 4349; x_wconf 84' lang='lat' dir='ltr'>oltra</span> <span class='ocrx_word' id='word_1_439' title='bbox 1042 4301 1156 4369; x_wconf 87' lang='lat' dir='ltr'>questo</span> <span class='ocrx_word' id='word_1_440' title='bbox 1164 4308 1173 4364; x_wconf 82' lang='lat'>3</span> <span class='ocrx_word' id='word_1_441' title='bbox 1209 4305 1260 4348; x_wconf 87' lang='lat' dir='ltr'>ma</span> <span class='ocrx_word' id='word_1_442' title='bbox 1288 4305 1322 4348; x_wconf 94' lang='lat' dir='ltr'>se</span> <span class='ocrx_word' id='word_1_443' title='bbox 1344 4283 1372 4348; x_wconf 88' lang='lat' dir='ltr'>ci</span> <span class='ocrx_word' id='word_1_444' title='bbox 1399 4293 1491 4348; x_wconf 85' lang='lat' dir='ltr'>torna</span> <span class='ocrx_word' id='word_1_445' title='bbox 1513 4305 1530 4348; x_wconf 86' lang='lat' dir='ltr'>a</span> 
     </span>
     <span class='ocr_line' id='line_1_39' title="bbox 164 4385 1530 4476; baseline 0.002 -28"><span class='ocrx_word' id='word_1_446' title='bbox 164 4405 302 4470; x_wconf 88' lang='lat' dir='ltr'>pensare,</span> <span class='ocrx_word' id='word_1_447' title='bbox 327 4408 419 4454; x_wconf 79' lang='lat' dir='ltr'>»non</span> <span class='ocrx_word' id='word_1_448' title='bbox 442 4386 463 4452; x_wconf 90' lang='lat' dir='ltr'>li</span> <span class='ocrx_word' id='word_1_449' title='bbox 483 4387 616 4473; x_wconf 67' lang='lat' dir='ltr'>placeri,</span> <span class='ocrx_word' id='word_1_450' title='bbox 640 4390 682 4453; x_wconf 76' lang='lat' dir='ltr'>ne</span> <span class='ocrx_word' id='word_1_451' title='bbox 705 4388 737 4453; x_wconf 95' lang='lat' dir='ltr'>io</span> <span class='ocrx_word' id='word_1_452' title='bbox 761 4411 809 4469; x_wconf 89' lang='lat' dir='ltr'>so,</span> <span class='ocrx_word' id='word_1_453' title='bbox 834 4410 927 4455; x_wconf 88' lang='lat' dir='ltr'>come</span> <span class='ocrx_word' id='word_1_454' title='bbox 950 4389 1245 4476; x_wconf 81' lang='lat' dir='ltr'>portbsostenere,</span> <span class='ocrx_word' id='word_1_455' title='bbox 1269 4385 1383 4454; x_wconf 87' lang='lat' dir='ltr'>stando</span> <span class='ocrx_word' id='word_1_456' title='bbox 1407 4385 1436 4452; x_wconf 91' lang='lat' dir='ltr'>le</span> <span class='ocrx_word' id='word_1_457' title='bbox 1456 4408 1530 4453; x_wconf 88' lang='lat' dir='ltr'>cose</span> 
     </span>
     <span class='ocr_line' id='line_1_40' title="bbox 166 4486 1530 4581; baseline 0.004 -28"><span class='ocrx_word' id='word_1_458' title='bbox 166 4486 235 4554; x_wconf 89' lang='lat' dir='ltr'>neli</span> <span class='ocrx_word' id='word_1_459' title='bbox 248 4494 367 4560; x_wconf 87' lang='lat' dir='ltr'>termini</span> <span class='ocrx_word' id='word_1_460' title='bbox 383 4492 441 4560; x_wconf 90' lang='lat' dir='ltr'>che</span> <span class='ocrx_word' id='word_1_461' title='bbox 457 4505 583 4576; x_wconf 82' lang='lat' dir='ltr'>stann0,</span> <span class='ocrx_word' id='word_1_462' title='bbox 599 4492 717 4580; x_wconf 75' lang='lat' dir='ltr'>perche</span> <span class='ocrx_word' id='word_1_463' title='bbox 732 4516 815 4560; x_wconf 89' lang='lat' dir='ltr'>sono</span> <span class='ocrx_word' id='word_1_464' title='bbox 832 4491 1041 4561; x_wconf 83' lang='lat' dir='ltr'>abbandonati</span> <span class='ocrx_word' id='word_1_465' title='bbox 1058 4505 1091 4561; x_wconf 92' lang='lat' dir='ltr'>et</span> <span class='ocrx_word' id='word_1_466' title='bbox 1106 4493 1234 4581; x_wconf 84' lang='lat' dir='ltr'>affogati</span> <span class='ocrx_word' id='word_1_467' title='bbox 1252 4505 1341 4560; x_wconf 86' lang='lat' dir='ltr'>tanto</span> <span class='ocrx_word' id='word_1_468' title='bbox 1357 4494 1391 4560; x_wconf 90' lang='lat' dir='ltr'>in</span> <span class='ocrx_word' id='word_1_469' title='bbox 1406 4503 1530 4579; x_wconf 79' lang='lat' dir='ltr'>queste,</span> 
     </span>
     <span class='ocr_line' id='line_1_41' title="bbox 169 4593 1531 4687; baseline 0.004 -28"><span class='ocrx_word' id='word_1_470' title='bbox 169 4593 230 4660; x_wconf 89' lang='lat' dir='ltr'>che</span> <span class='ocrx_word' id='word_1_471' title='bbox 251 4618 309 4664; x_wconf 94' lang='lat' dir='ltr'>non</span> <span class='ocrx_word' id='word_1_472' title='bbox 333 4601 350 4666; x_wconf 78' lang='grc' dir='ltr'><strong>ὲ</strong></span> <span class='ocrx_word' id='word_1_473' title='bbox 373 4597 522 4686; x_wconf 92' lang='lat' dir='ltr'>possibile</span> <span class='ocrx_word' id='word_1_474' title='bbox 544 4599 716 4667; x_wconf 90' lang='lat' dir='ltr'>rimoverli.</span> <span class='ocrx_word' id='word_1_475' title='bbox 762 4600 822 4666; x_wconf 89' lang='lat' dir='ltr'>Per</span> <span class='ocrx_word' id='word_1_476' title='bbox 846 4618 964 4687; x_wconf 89' lang='lat' dir='ltr'>quanto</span> <span class='ocrx_word' id='word_1_477' title='bbox 988 4601 1032 4666; x_wconf 89' lang='lat' dir='ltr'>mi</span> <span class='ocrx_word' id='word_1_478' title='bbox 1059 4599 1099 4666; x_wconf 82' lang='lat' dir='ltr'>ha</span> <span class='ocrx_word' id='word_1_479' title='bbox 1124 4599 1213 4667; x_wconf 91' lang='lat' dir='ltr'>detto</span> <span class='ocrx_word' id='word_1_480' title='bbox 1238 4620 1308 4665; x_wconf 91' lang='lat' dir='ltr'>esso</span> <span class='ocrx_word' id='word_1_481' title='bbox 1332 4596 1531 4664; x_wconf 86' lang='lat' dir='ltr'>Eboracense</span> 
     </span>
     <span class='ocr_line' id='line_1_42' title="bbox 171 4697 1532 4794; baseline 0.004 -30"><span class='ocrx_word' id='word_1_482' title='bbox 171 4717 203 4765; x_wconf 90' lang='lat' dir='ltr'>et</span> <span class='ocrx_word' id='word_1_483' title='bbox 226 4697 262 4766; x_wconf 89' lang='lat' dir='ltr'>da</span> <span class='ocrx_word' id='word_1_484' title='bbox 280 4706 352 4792; x_wconf 89' lang='lat' dir='ltr'>ogni</span> <span class='ocrx_word' id='word_1_485' title='bbox 378 4703 481 4772; x_wconf 87' lang='lat' dir='ltr'>banda</span> <span class='ocrx_word' id='word_1_486' title='bbox 503 4704 637 4774; x_wconf 88' lang='lat' dir='ltr'>intendo</span> <span class='ocrx_word' id='word_1_487' title='bbox 661 4704 700 4772; x_wconf 90' lang='lat' dir='ltr'>da</span> <span class='ocrx_word' id='word_1_488' title='bbox 722 4707 806 4773; x_wconf 87' lang='lat' dir='ltr'>varie</span> <span class='ocrx_word' id='word_1_489' title='bbox 833 4727 985 4792; x_wconf 89' lang='lat' dir='ltr'>persone,</span> <span class='ocrx_word' id='word_1_490' title='bbox 1010 4705 1068 4774; x_wconf 88' lang='lat' dir='ltr'>che</span> <span class='ocrx_word' id='word_1_491' title='bbox 1092 4730 1126 4773; x_wconf 94' lang='lat' dir='ltr'>se</span> <span class='ocrx_word' id='word_1_492' title='bbox 1149 4717 1259 4794; x_wconf 80' lang='lat' dir='ltr'>questa</span> <span class='ocrx_word' id='word_1_493' title='bbox 1281 4726 1357 4771; x_wconf 89' lang='lat' dir='ltr'>cosa</span> <span class='ocrx_word' id='word_1_494' title='bbox 1385 4705 1410 4769; x_wconf 91' lang='lat' dir='ltr'>si</span> <span class='ocrx_word' id='word_1_495' title='bbox 1434 4716 1532 4771; x_wconf 83' lang='lat' dir='ltr'>metra</span> 
     </span>
    </p>
   </div>
   <div class='ocr_carea' id='block_1_3' title="bbox 171 4843 370 4857">
    <p class='ocr_par' dir='ltr' id='par_1_5' title="bbox 171 4843 370 4857">
     <span class='ocr_line' id='line_1_43' title="bbox 171 4843 370 4857; baseline 0 -7"><span class='ocrx_word' id='word_1_496' title='bbox 171 4843 370 4857; x_wconf 38' lang='grc' dir='ltr'>ἡ..</span> 
     </span>
    </p>
   </div>
   <div class='ocr_carea' id='block_1_4' title="bbox 227 4914 1388 5093">
    <p class='ocr_par' dir='ltr' id='par_1_6' title="bbox 227 4914 1388 5093">
     <span class='ocr_line' id='line_1_44' title="bbox 275 4914 1296 4988; baseline 0.001 -18"><span class='ocrx_word' id='word_1_497' title='bbox 275 4915 386 4987; x_wconf 85' lang='lat' dir='ltr'>¹Vergl</span> <span class='ocrx_word' id='word_1_498' title='bbox 407 4925 489 4970; x_wconf 84' lang='lat' dir='ltr'>unten</span> <span class='ocrx_word' id='word_1_499' title='bbox 507 4915 555 4970; x_wconf 88' lang='lat' dir='ltr'>Nr.</span> <span class='ocrx_word' id='word_1_500' title='bbox 575 4915 646 4972; x_wconf 90' lang='lat' dir='ltr'>VIII.</span> <span class='ocrx_word' id='word_1_501' title='bbox 665 4917 691 4970; x_wconf 89' lang='lat' dir='ltr'>in</span> <span class='ocrx_word' id='word_1_502' title='bbox 710 4917 756 4970; x_wconf 84' lang='lat' dir='ltr'>der</span> <span class='ocrx_word' id='word_1_503' title='bbox 774 4916 998 4988; x_wconf 89' lang='lat' dir='ltr'>Korrespondenz</span> <span class='ocrx_word' id='word_1_504' title='bbox 1017 4916 1064 4970; x_wconf 89' lang='lat' dir='ltr'>des</span> <span class='ocrx_word' id='word_1_505' title='bbox 1083 4914 1161 4972; x_wconf 86' lang='lat' dir='ltr'>Kard.</span> <span class='ocrx_word' id='word_1_506' title='bbox 1181 4914 1296 4971; x_wconf 84' lang='lat' dir='ltr'>Salviati.</span> 
     </span>
     <span class='ocr_line' id='line_1_45' title="bbox 227 5030 1388 5093; baseline 0.01 -21"><span class='ocrx_word' id='word_1_507' title='bbox 227 5030 320 5093; x_wconf 75' lang='lat' dir='ltr'>Elaos,</span> <span class='ocrx_word' id='word_1_508' title='bbox 334 5037 462 5082; x_wconf 70' lang='lat' dir='ltr'>homnem</span> <span class='ocrx_word' id='word_1_509' title='bbox 477 5039 635 5084; x_wconf 80' lang='lat' dir='ltr'>Dokumente.</span> <span class='ocrx_word' id='word_1_510' title='bbox 1377 5049 1388 5084; x_wconf 77' lang='lat'>⁴</span> 
     </span>
    </p>
   </div>
   <div class='ocr_carea' id='block_1_5' title="bbox 0 0 1912 5532">
    <p class='ocr_par' dir='ltr' id='par_1_7' title="bbox 0 0 1912 5532">
     <span class='ocr_line' id='line_1_46' title="bbox 0 0 1912 5532; baseline 0 0"><span class='ocrx_word' id='word_1_511' title='bbox 0 0 1912 5532; x_wconf 95' lang='lat' dir='ltr'> </span> 
     </span>
    </p>
   </div>
  </div>
 </body>
</html>
