3842 5532
188 343 254 394 Acta
274 342 474 397 consistorialis.
1496 328 1559 391 213

188 501 289 569 tinam
307 502 434 570 eiecerit
458 513 489 570 et
504 502 685 590 spoliaverit
701 526 719 570 a
734 504 1029 593 quasipossessione
1055 505 1129 570 iuris
1153 503 1327 591 coniugalis
1352 515 1383 570 et
1399 502 1558 590 dignitatis

188 607 333 696 reginalis
358 619 390 676 et
413 607 453 675 de
475 607 558 676 facto
582 632 656 675 cum
680 607 815 697 quadam
838 611 930 676 Anna
957 609 1196 676 matrimonium
1222 609 1423 691 contraxerit,
1448 620 1559 675 contra

188 713 334 782 mandata
353 727 384 782 et
401 714 526 782 decreta
549 727 614 782 tarn
631 714 860 782 admonitionis
884 738 978 805 quam
995 715 1202 798 inhibitionis,
1226 717 1258 782 in
1275 715 1384 782 litteris
1407 716 1439 782 in
1456 713 1560 782 forma

187 818 289 886 brevis
313 822 408 888 etiam
433 821 472 888 de
496 820 630 888 consilio
654 820 784 888 fratrum
808 833 993 889 nostrorum
1018 823 1048 888 S.
1067 823 1104 890 tt.
1121 823 1154 888 E.
1179 822 1382 890 cardinalium
1406 823 1558 888 emanatis

188 930 356 993 contenta¹
380 947 500 994 temere
524 940 556 995 et
572 925 611 994 de
627 925 710 994 lacto
734 926 970 1015 attemptando:
996 926 1114 995 idcirco
1138 951 1199 994 nos
1222 928 1261 995 de
1286 927 1365 995 illius
1381 928 1557 1015 potestatis,

188 1055 280 1121 quarn
298 1032 444 1100 Christus
466 1055 521 1100 rex
538 1056 648 1121 regum
674 1032 767 1100 nobis
783 1031 855 1100 licet
878 1034 1045 1101 immeritis
1069 1035 1100 1100 in
1117 1056 1252 1122 persona
1276 1032 1358 1100 beati
1374 1034 1457 1100 Petri
1482 1056 1558 1100 con·

187 1139 290 1222 cessit,
314 1137 520 1227 plenitudine,
544 1140 576 1206 in
592 1139 712 1206 throno
729 1140 864 1207 iustitiae
881 1161 939 1227 pro
955 1138 1100 1206 tribunali
1120 1138 1266 1208 sedentes
1284 1151 1314 1207 et
1330 1139 1435 1207 solum
1452 1140 1558 1206 Deum

187 1267 258 1332 prae
283 1243 382 1312 oculis
406 1245 557 1314 habentes
580 1245 732 1332 perhanc
756 1256 898 1313 nostram
923 1247 1124 1329 sententiam,
1148 1269 1242 1335 quam
1268 1271 1304 1313 ex
1330 1259 1441 1314 nostro
1465 1266 1557 1312 mero

188 1349 294 1418 officio
319 1363 350 1418 et
375 1349 412 1418 de
435 1351 660 1419 venerabiiium
684 1350 813 1420 fratrum
843 1365 1027 1421 nostrorum
1051 1353 1082 1419 S.
1109 1354 1145 1421 R.
1169 1352 1203 1419 E.
1228 1351 1431 1420 cardinalium
1454 1351 1559 1418 consi-

188 1457 353 1524 storialiter
383 1480 491 1525 coram
524 1457 616 1525 nobis
652 1471 920 1546 congregatorum
955 1457 1089 1526 consilio
1124 1458 1269 1539 ferimus,
1303 1459 1492 1526 eiectionem
1528 1469 1558 1524 et

188 1563 409 1651 spoliationem
433 1562 534 1631 dictae
559 1564 747 1632 Catharinae
775 1565 901 1652 reginae
925 1589 942 1632 a
965 1566 1258 1653 quasipossessione
1285 1565 1358 1632 iuris
1383 1564 1558 1651 coniugahs

189 1681 219 1736 et
240 1669 388 1756 reginalis
411 1669 583 1757 dignitatis,
607 1671 639 1736 in
663 1694 724 1760 qua
747 1682 893 1759 tempore
918 1669 1099 1738 huiusmodi
1123 1683 1231 1738 motae
1254 1670 1315 1737 litis
1340 1681 1415 1752 erat,
1439 1682 1471 1737 et
1494 1693 1558 1736 ma·

188 1776 374 1843 trimonium
402 1777 484 1844 inter
511 1775 685 1865 praefatum
712 1777 889 1844 Henricum
912 1799 1021 1864 regern
1053 1789 1084 1844 et
1108 1779 1234 1843 Annam
1266 1774 1457 1864 praedictam
1482 1798 1558 1842 con-

187 1892 336 1965 tractum,
364 1905 436 1949 curn
464 1881 621 1970 praedicta
649 1882 759 1948 omnia
787 1883 914 1949 notoria
943 1894 973 1949 et
1002 1880 1167 1949 manifesta
1194 1882 1272 1964 sint,
1300 1893 1395 1970 prout
1423 1882 1465 1948 ita
1489 1904 1558 1947 esse

188 1987 395 2070 declaramus,
424 1988 521 2069 nulla,
549 1989 664 2054 iniusta
687 1999 718 2056 et
741 2000 925 2076 attemptata
948 1987 1042 2055 fuisse
1067 2000 1098 2055 et
1121 2011 1205 2070 esse,
1230 2011 1265 2055 ac
1289 1986 1451 2068 nuditatis,
1479 1987 1559 2053 iniu-

187 2096 286 2164 stitiae
310 2106 600 2182 attentatorumque
615 2093 694 2161 vitio
718 2093 907 2161 subiacuisse
932 2107 963 2162 et
985 2092 1145 2161 subiacere
1168 2093 1355 2183 prolemque
1379 2105 1556 2180 susceptam

186 2225 240 2270 seu
263 2199 496 2289 suscipiendam
521 2199 717 2288 illegitimam
741 2199 836 2268 fuisse
861 2213 892 2268 et
915 2224 1000 2282 esse,
1025 2199 1258 2289 praefatamque
1282 2199 1484 2268 Catharinam
1510 2220 1558 2264 re·

185 2310 291 2395 ginam
324 2306 363 2374 ad
392 2330 485 2373 suurn
514 2307 681 2394 pristinum
712 2319 828 2374 statum
860 2319 891 2374 et
920 2307 1246 2397 quasipossessionenr
1277 2306 1352 2372 iuris
1384 2302 1559 2391 coniugalis

187 2426 216 2482 et
238 2413 386 2501 reginalis
415 2412 575 2500 dignitatis
597 2414 719 2480 restitui
748 2425 779 2480 et
802 2415 914 2502 reponi
938 2411 1068 2495 debere,
1098 2412 1279 2501 dictumque
1303 2431 1413 2498 regern
1441 2408 1558 2478 dictam

186 2523 312 2587 Annam
328 2543 345 2586 a
362 2517 595 2588 cohabitatione
618 2543 673 2587 sua
698 2532 729 2587 et
751 2521 1044 2609 quasipossessione
1068 2520 1143 2586 iuris
1164 2517 1338 2606 coniugalis
1363 2529 1394 2584 et
1410 2517 1558 2605 reginalis

186 2628 296 2694 eiicere
321 2637 352 2694 et
375 2649 525 2693 amovere
542 2624 667 2708 debere,
692 2627 724 2693 in
741 2626 789 2693 his
813 2627 935 2714 scriptis
954 2627 1207 2713 pronuntiamus,
1232 2621 1432 2692 decernimus
1458 2636 1488 2691 et
1504 2621 1558 2691 de·

185 2733 346 2814 claramus,
371 2733 575 2814 restituimus,
600 2733 796 2820 reponimus,
817 2732 958 2800 elicimus
982 2745 1013 2800 et
1036 2755 1235 2813 amovemus,
1258 2730 1432 2820 eademque
1449 2743 1558 2798 nostra

185 2839 340 2906 sententia
363 2851 395 2906 et
417 2861 455 2904 ex
483 2837 620 2905 consilio
645 2849 675 2904 et
698 2860 789 2904 mero
814 2836 923 2904 officio
946 2849 1059 2906 nostro
1089 2837 1250 2927 praedicto
1274 2835 1447 2926 praefatum
1471 2837 1558 2904 Hen-

184 2947 283 3013 ricum
311 2966 423 3033 regern
452 2946 580 3011 maioris
610 2945 950 3012 excommunicationis
980 2957 1011 3012 et
1039 2944 1112 3012 alias
1140 2967 1288 3012 censuras
1317 2955 1349 3011 et
1376 2966 1497 3031 poenas
1526 2944 1558 3009 in

185 3051 274 3118 dictis
298 3050 408 3118 litteris
432 3063 598 3118 contentas
622 3050 663 3118 ob
688 3073 795 3118 earum
824 3073 890 3118 non
915 3051 1106 3139 paritionem
1129 3069 1160 3118 et
1185 3061 1406 3138 contemptum
1431 3049 1559 3116 damna-

184 3156 285 3224 biliter
312 3156 480 3223 incurrisse
508 3168 539 3223 et
567 3155 713 3224 incidisse
741 3180 777 3224 ac
805 3156 843 3224 ab
872 3155 1021 3224 omnibus
1051 3157 1168 3224 Christi
1199 3155 1344 3224 fidelibus
1375 3154 1558 3223 evitandum

184 3263 277 3331 fuisse
301 3275 333 3330 et
356 3284 425 3329 esse
449 3259 643 3329 declaramus
668 3275 698 3330 et
722 3263 920 3332 mandamus.

287 3405 326 3471 Et
350 3403 557 3472 nihilominus
581 3403 724 3471 volentes
753 3428 825 3472 cum
850 3404 966 3473 eodem
991 3406 1133 3472 Henrico
1158 3405 1290 3472 nomine
1314 3405 1355 3492 pii
1387 3402 1481 3491 patris
1504 3401 1557 3468 be·

185 3512 279 3599 nigne
308 3521 340 3578 et
363 3510 537 3578 clementer
560 3532 669 3597 agere,
699 3534 902 3578 censurarum
926 3511 1157 3600 praedictarum
1181 3509 1426 3578 declarationem
1457 3531 1557 3598 usque

185 3629 214 3684 et
236 3640 293 3706 per
316 3628 422 3685 toturn
447 3639 592 3684 mensem
617 3616 804 3705 septembris
826 3620 971 3706 proxime
995 3617 1135 3685 futurum
1159 3616 1295 3698 adhoc,
1323 3635 1358 3683 ut
1381 3615 1556 3682 sententiae

185 3735 214 3790 et
230 3720 385 3791 mandatis
408 3722 525 3789 nostris
554 3721 718 3810 praedictis
743 3721 946 3790 commodius
968 3746 1077 3811 parere
1108 3725 1224 3812 possit,
1254 3719 1494 3810 suspendimus,
1526 3732 1557 3787 et

186 3830 210 3894 si
232 3827 310 3896 infra
326 3827 445 3896 dictum
469 3840 596 3915 tempus
620 3850 727 3915 parere
744 3827 898 3896 distulerit
921 3852 956 3896 ac
972 3827 1087 3896 dictam
1106 3829 1309 3897 Catharinam
1332 3829 1366 3894 in
1389 3827 1554 3915 pristinum

185 3948 309 4016 statum,
333 3957 398 4024 quo
414 3945 561 4022 tempore
583 3933 645 4002 litis
668 3945 775 4001 motae
795 3953 871 4017 erat,
894 3957 962 4003 non
985 3936 1157 4004 restituerit
1177 3933 1411 4026 praefatamque
1427 3935 1554 4000 Annam

186 4064 278 4108 asua
307 4038 542 4107 cohabitatione
570 4051 602 4107 et
624 4041 919 4130 quasipossessione
948 4043 1021 4108 iuris
1049 4041 1225 4130 coniugalis
1254 4055 1285 4110 et
1313 4039 1459 4130 reginalis
1488 4062 1554 4106 non

185 4146 344 4228 abiecerit,
374 4157 406 4214 et
429 4144 511 4213 dicta
533 4157 717 4234 attemptata
740 4170 813 4214 curn
838 4146 950 4215 effectu
975 4171 1041 4214 non
1065 4149 1259 4236 purgaverit,
1291 4172 1329 4214 ex
1351 4170 1437 4214 nunc
1461 4164 1555 4234 prout

32 4279 34 4302 ·
123 4243 127 4260 '
186 4267 319 4322 extunc
342 4253 499 4342 praesenti
523 4251 726 4321 declarationi
750 4253 856 4322 locum
882 4277 952 4322 esse
973 4254 1123 4322 volumus
1147 4267 1178 4322 et
1202 4253 1412 4322 decernimus.

706 4431 751 4498 lta
774 4432 1028 4519 pronuntiamus.

286 4604 434 4695 [Romae
463 4628 511 4674 11.
536 4607 599 4674 iulii
628 4607 737 4698 1533]

187 4768 392 4778 ——-...„-—-—

288 4879 298 4909 ¹
317 4871 397 4926 Varia
415 4871 501 4943 polit:
528 4881 667 4928 contentas
686 4881 713 4927 et
731 4881 865 4928 contenta.
