3850 5534
191 331 254 398 1528
272 331 353 401 April.
1513 312 1553 373 27

287 489 356 543 Iiche
374 489 584 562 Gesetzgebung
607 489 678 544 noch
697 488 769 542 nicht
793 487 944 543 enthclrelt
963 505 1027 554 war,
1047 486 1194 552 abweiche,
1217 503 1264 541 aus
1283 484 1330 540 der
1344 484 1552 554 Versicherung,

287 577 343 630 dass
356 576 496 631 Verlasser
514 577 582 632 auch
603 576 645 630 die
669 576 909 647 Rechtsgelehrten
933 576 995 629 sehr
1020 573 1161 646 sorgfa'ltIg
1184 592 1216 629 zu
1239 574 1305 628 Rate
1329 589 1453 645 gezogen
1477 571 1554 637 habe,

288 664 486 720 unzweifelhaft
505 664 676 736 hervorgeht.
707 664 799 736 Vergl.
818 664 923 736 Strype,
943 681 968 734 p.
989 679 1029 732 75,
1049 663 1154 726 82—84
1172 681 1196 716 u.
1211 679 1231 717 s.
1246 681 1280 716 w.
1318 662 1348 716 In
1367 662 1474 714 melnen
1487 658 1554 712 Auf-

288 759 378 807 sitzen
398 753 462 806 uber
480 751 523 806 die
541 751 688 824 papstliche
707 751 857 818 Deiretale,
878 751 976 807 Histor.
995 750 1083 822 Jahrb.
1101 751 1176 816 1888,
1195 752 1222 805 8.
1242 749 1324 820 217f.
1344 750 1413 803 habe
1432 748 1475 802 ich
1493 765 1552 802 aus·

288 840 431 895 ibhrlicher
457 841 521 894 bber
546 839 703 910 Bedeutung
726 839 780 894 und
798 840 1032 910 Zusammenhang
1057 839 1104 892 des
1122 838 1232 892 Stbclres
1252 837 1408 910 gehandelt,
1432 835 1554 890 dasselbe

287 929 350 983 aber
368 929 515 983 irrttrmlich
532 928 594 983 dem
613 928 725 983 Auditor
743 928 892 982 Simonetta
910 927 1127 1000 zugesehrieben.
1158 925 1389 980 Wahrscheinlich
1407 923 1475 979 wird
1491 941 1554 978 man

286 1018 349 1072 dem
374 1027 528 1090 genannten
554 1017 679 1072 Kardinal
702 1034 757 1071 von
775 1017 848 1070 Santi
867 1025 972 1089 quattro
997 1017 1066 1070 auch
1084 1015 1126 1069 die
1145 1013 1367 1087 vorhergehende
1390 1013 1437 1068 Nr.
1459 1029 1491 1084 19
1509 1029 1554 1066 zu-

286 1107 368 1160 teilen
387 1111 504 1161 missen.
537 1104 628 1177 Vergl.
648 1105 781 1178 Jahrbuch
800 1105 826 1160 8.
846 1105 907 1175 231!
925 1148 931 1160 .

392 1193 448 1248 Das
467 1193 682 1266 englischerseits
701 1194 858 1266 vorgelegte
872 1194 953 1260 Buch,
973 1211 1027 1248 von
1039 1192 1173 1247 welchem
1186 1191 1265 1246 Pucci
1285 1190 1392 1262 spricht,
1411 1190 1444 1242 ist
1464 1187 1553 1258 jeden·

286 1281 345 1336 talls
364 1281 411 1336 das
425 1282 499 1336 Buch
512 1281 652 1336 Heinrichs
664 1281 736 1337 VIII.
755 1281 845 1349 selbst,
866 1281 984 1336 welches
997 1279 1128 1336 Gardiner
1142 1279 1195 1334 und
1208 1277 1264 1334 Fox
1282 1279 1345 1332 dern
1360 1279 1455 1349 Papste
1475 1278 1551 1330 bber-

286 1370 413 1424 reiehten.
450 1371 555 1444 Strype,
580 1385 621 1440 72,
642 1385 682 1440 75,
706 1369 795 1442 Jahrb.
816 1369 880 1440 236;
907 1371 945 1424 lm
965 1369 1043 1441 Jahre
1065 1385 1139 1440 1530,
1163 1367 1295 1424 nachdem
1316 1365 1374 1422 sich
1397 1365 1444 1420 der
1462 1365 1553 1436 Konig

286 1458 369 1514 durch
382 1457 452 1513 Geld
470 1457 523 1513 und
536 1457 587 1513 alle
600 1457 716 1512 anderen
735 1459 790 1514 ihm
804 1475 836 1512 zu
848 1457 955 1514 Gebote
974 1457 1122 1513 stehenden
1134 1455 1219 1512 Mittel
1239 1455 1388 1512 zahlreiche
1401 1453 1553 1509 Gutachten

286 1563 340 1601 von
360 1547 557 1602 Universitaten
582 1546 635 1602 und
653 1546 800 1602 Gelehrten
818 1546 962 1602 verschafft
985 1547 1072 1615 hatte,
1091 1545 1148 1600 liess
1169 1561 1197 1600 er
1219 1544 1283 1600 alles
1302 1540 1554 1600 zusammenstellen

285 1635 339 1689 und
364 1635 421 1689 seio
446 1635 520 1689 Buch
545 1634 668 1689 drucken.
705 1635 766 1690 Den
786 1634 858 1690 Titel
883 1652 904 1691 s.
930 1636 957 1689 in
981 1635 1027 1690 der
1045 1635 1172 1706 Ausgabe
1197 1633 1309 1688 Bumets
1328 1650 1382 1687 von
1406 1629 1514 1686 Pococlr
1532 1629 1553 1686 1.

288 1723 337 1777 166
355 1723 437 1777 Anm.

390 1811 442 1865 DIe
461 1811 579 1881 Sprache
596 1811 624 1864 in
643 1810 705 1865 dem
724 1810 848 1866 Reserate
866 1812 960 1866 Puchs
979 1813 1012 1866 ist
1032 1811 1104 1865 nicht
1122 1811 1219 1864 immer
1236 1826 1305 1881 ganz
1323 1807 1437 1874 korrelrt,
1455 1808 1482 1860 iu
1501 1805 1553 1860 den

283 1897 481 1954 Schlusssitzen
500 1915 581 1970 sogar
600 1907 684 1954 etwas
704 1899 932 1965 unverstandlich;
957 1898 1000 1952 die
1018 1897 1117 1954 Schuld
1136 1915 1199 1972 mag
1219 1915 1279 1952 zum
1292 1895 1352 1952 Tell
1370 1913 1404 1950 an
1423 1895 1484 1949 dem
1498 1894 1552 1948 llb-

283 1986 418 2042 schreiber
437 1985 534 2060 liegen.

613 2230 794 2300 Consilium
818 2230 952 2300 Oldradi
976 2231 1117 2302 CCLVI.

286 2371 393 2443 scutata
409 2373 476 2427 eines
494 2374 592 2428 cilteren
610 2373 769 2427 Kanonisten
787 2391 833 2443 rur
852 2373 937 2444 fruge
954 2375 1001 2426 der
1021 2371 1163 2444 Goltigkeit
1182 2391 1234 2428 von
1253 2373 1443 2445 Ehedispensen.

284 2489 376 2563 Pater
403 2508 520 2564 sancte.
567 2497 662 2564 Mitto
691 2496 804 2564 librum
828 2495 1035 2564 consiliorum
1058 2495 1207 2579 Oldradi‚
1235 2495 1288 2564 ubi
1315 2495 1451 2585 disputat
1479 2517 1553 2584 qua-

174 2622 251 2672 tuor
266 2601 425 2684 articulos,
450 2621 481 2670 et
503 2603 624 2691 primus
648 2614 695 2670 est
717 2601 799 2670 bene
822 2600 1071 2670 considerandus
1087 2625 1104 2669 a
1120 2602 1291 2672 Sanctitate
1308 2603 1433 2683 Vestra,
1456 2623 1552 2690 quem

175 2707 330 2797 disputat,
354 2707 501 2776 videlicet
523 2731 563 2775 an
587 2707 661 2776 salsa
684 2731 777 2777 causa
800 2730 946 2795 expressa
974 2709 1006 2774 in
1030 2708 1140 2777 litteris
1163 2707 1403 2777 matrimonialis
1427 2705 1552 2795 dispen-

174 2815 320 2895 sationis,
344 2836 423 2903 quae
438 2815 543 2901 potuit
558 2837 690 2882 movere
713 2837 770 2882 seu
785 2813 947 2903 impellere
962 2815 1079 2904 Papam
1104 2812 1142 2883 ad
1159 2813 1417 2903 dispensandum,
1440 2811 1552 2881 habeat

173 2919 288 2986 vitiare
311 2917 598 3006 dispensationem3
633 2931 664 2988 et
690 2921 796 3010 primo
824 2922 942 3010 arguit,
971 2920 1059 3011 quod
1088 2945 1171 3006 non,
1200 2940 1231 2989 et
1254 2933 1365 3010 postea
1389 2916 1552 2988 concludit

175 3025 388 3108 contrarium,
420 3023 528 3092 dicens
555 3025 594 3094 ad
617 3026 679 3094 hoc
711 3024 969 3094 concludendum
998 3026 1120 3111 induci,
1151 3026 1238 3117 quod
1266 3026 1459 3115 dispensatio
1482 3022 1552 3092 fieri

173 3129 369 3200 debetcum
392 3153 499 3213 causa,
528 3154 601 3199 cum
625 3155 692 3199 non
715 3133 756 3200 sit
778 3132 963 3216 verisimile,
991 3133 1109 3222 Papam
1133 3134 1210 3201 iuria
1240 3134 1424 3202 communia
1452 3144 1552 3200 trans·

173 3235 267 3327 gredi
283 3235 365 3304 velle
388 3237 456 3305 sine
473 3261 564 3306 causa
587 3237 762 3307 rationabili
786 3251 818 3308 et
841 3238 1032 3328 dispensare,
1057 3250 1088 3308 et
1110 3238 1184 3309 ideo
1201 3239 1254 3307 ubi
1276 3239 1345 3309 talis
1365 3261 1466 3322 causa,
1491 3260 1552 3328 qua

174 3367 246 3410 non
268 3343 460 3412 subsistente
488 3343 669 3413 concedens
697 3369 765 3413 non
789 3365 872 3414 esset
902 3346 976 3414 alias
999 3368 1224 3430 concessurus,
1251 3358 1329 3415 tunc
1356 3345 1430 3414 salsa
1459 3369 1551 3414 causa

175 3450 425 3518 concessionem
446 3451 545 3518 vitiat.
589 3452 628 3520 Et
651 3454 723 3542 quia
749 3453 781 3519 in
806 3451 1079 3541 dispensationum
1107 3451 1395 3542 impetrationibus,
1421 3451 1551 3519 cumin

175 3557 222 3623 eis
246 3557 287 3623 sit
310 3557 386 3624 iuris
409 3559 590 3624 communis
612 3557 772 3641 relaxatiO,
796 3557 874 3626 nihil
898 3557 993 3627 debet
1014 3557 1127 3627 Ialsum
1151 3561 1284 3648 exprimi
1306 3558 1357 3627 vel
1372 3581 1484 3626 verum
1506 3576 1551 3625 ta·
1637 3615 1640 3622 ,

175 3663 253 3746 ceri,
278 3673 310 3730 et
332 3659 406 3730 ideo
429 3663 456 3729 si
475 3663 588 3751 scripta
610 3687 816 3755 quaecunque
838 3664 1015 3734 secundum
1038 3666 1086 3734 ius
1109 3688 1282 3733 commune
1306 3688 1344 3732 ex
1368 3662 1551 3732 huiusmodi

176 3768 384 3856 expressione
414 3767 464 3836 vel
493 3771 716 3858 suppressione
745 3771 905 3855 vitiantur,
938 3783 1057 3862 quanto
1087 3773 1188 3860 magis
1222 3769 1488 3859 dispensationes,
1517 3770 1550 3836 in

174 3871 291 3962 quibus
307 3873 535 3961 praeiudicium
549 3876 697 3960 vertitur';
730 3895 823 3946 etex
846 3878 913 3945 istis
936 3877 1089 3946 Sanctitas
1106 3879 1220 3946 Vestra
1243 3887 1429 3965 cognoscet,
1453 3875 1479 3943 si
1494 3899 1551 3942 vo-

175 3978 283 4046 lumus
306 3979 396 4069 sequi
419 3980 476 4047 ista
498 3979 581 4048 dicta
596 3979 739 4065 Oldradi,
764 3985 818 4073 qui
841 3982 898 4052 luit
921 4006 1056 4072 magnae
1079 3984 1275 4052 authoritatis
1300 4002 1331 4051 et
1354 4005 1421 4050 non
1442 3979 1551 4049 fundat

174 4109 211 4154 se
236 4087 269 4152 in
285 4083 345 4168 his,
369 4109 448 4176 quae
471 4085 643 4174 allegantur
666 4099 697 4156 et
719 4111 776 4177 per
792 4087 981 4156 cardinalem
1005 4088 1044 4157 de
1060 4091 1174 4158 Monte
1198 4101 1229 4158 et
1251 4088 1441 4172 auditorem,
1464 4086 1551 4179 quod

175 4195 217 4260 sit
237 4191 414 4260 differentia
436 4193 518 4260 inter
534 4191 805 4281 dispensationem
828 4193 1046 4264 beneficialem
1070 4207 1102 4264 et
1124 4194 1402 4278 matrimonialem,
1425 4193 1481 4262 sed
1499 4217 1551 4260 ex-

175 4319 286 4386 presse
309 4309 414 4380 tenet‚
442 4296 530 4386 quod
553 4300 713 4388 expressio
735 4299 830 4368 falsae
858 4323 968 4368 causae
991 4300 1042 4369 vel
1068 4303 1249 4390 suppressio
1278 4325 1334 4370 seu
1355 4301 1550 4370 taciturnitas

177 4404 220 4472 ita
244 4403 334 4471 vitiet
356 4403 626 4492 dispensationem
649 4405 917 4476 matrimonialem
939 4408 1019 4474 sicut
1042 4405 1270 4491 beneficialem,
1293 4405 1351 4476 sed
1373 4406 1482 4476 fundat
1504 4429 1550 4490 se,

177 4507 267 4600 quod
282 4509 363 4577 sicut
386 4510 419 4577 in
435 4533 508 4594 una,
530 4511 573 4579 ita
595 4523 626 4580 et
648 4514 680 4580 in
697 4512 818 4582 aliaest
840 4513 915 4581 iuris
931 4515 1112 4582 communis
1134 4512 1294 4596 relaxatio,
1317 4511 1550 4601 propterquod

177 4615 258 4683 nihil
281 4612 375 4682 debet
397 4613 509 4683 falsum
533 4619 676 4705 exprImi,
698 4619 750 4687 vel
770 4643 882 4688 verum
906 4621 1011 4688 taceri.
1049 4619 1147 4689 Volui
1170 4619 1247 4688 haec
1269 4617 1416 4701 scribere,
1440 4629 1474 4686 ut
1497 4615 1550 4686 de-

178 4722 297 4791 clarem
318 4732 464 4790 mentem
484 4721 617 4792 Oldradi
641 4735 673 4792 et
695 4724 848 4796 Sanctitas
864 4728 979 4796 Vestra
1001 4727 1114 4796 melius
1137 4728 1237 4816 possit
1259 4725 1459 4794 considerare
1483 4725 1549 4792 eius

178 4827 378 4898 decisionem
401 4851 496 4918 super
519 4829 582 4900 hoc
605 4831 746 4916 articulo,
774 4857 855 4923 quae
878 4845 926 4902 est
948 4832 988 4902 de
1012 4831 1132 4902 ditecto
1157 4845 1268 4902 contra
1291 4856 1342 4916 ea,
1371 4855 1451 4923 quae
1474 4833 1550 4904 dicit

180 4934 345 5004 cardinalis
369 4946 401 5003 et
422 4934 547 5004 auditor
569 4937 757 5008 Simonetta.
