3796 5538
183 262 304 316 Dianum
324 263 402 316 Blasii
422 263 454 316 de
474 263 587 318 Cesena.
1494 249 1555 310 227

290 422 352 490 Die
383 422 529 490 mercurii
550 421 704 490 XXVIII.
728 421 872 490 februarii
902 441 993 508 1532.
1041 421 1277 490 Consistotium
1301 422 1333 488 in
1357 420 1419 488 sala
1442 444 1558 510 magna

182 527 340 610 inferiori,
372 528 403 595 in
432 551 496 618 quo
529 527 673 596 advocati
706 530 789 616 regis
819 527 953 616 Angliae
987 547 1017 596 et
1048 530 1175 616 reginae
1206 526 1403 615 disputarunt
1435 527 1557 615 publice

184 657 297 701 eorum
322 633 545 702 conclusiones
568 658 660 723 super
685 658 735 715 e0‚
760 634 847 724 quod
869 658 925 702 rex
949 635 1059 702 citatus
1083 632 1121 701 ad
1142 634 1322 701 instantiam
1339 633 1467 720 reginae
1491 657 1558 700 non
1658 671 1661 677 ·

182 751 310 808 tenetur
333 762 518 828 comparere
542 753 671 828 propter
694 739 868 828 periculum
894 759 923 807 et
948 738 1213 828 impedimentum
1232 761 1386 827 personae
1410 752 1442 807 et
1456 741 1582 832 regni*

183 844 333 934 quodque
358 857 524 914 excusator
546 858 707 936 tamquam
733 870 813 915 unus
837 847 877 914 de
896 847 1016 934 populo
1041 844 1157 934 absque
1181 844 1306 933 speciali
1330 843 1480 912 mandato
1505 844 1558 912 de-

182 951 254 1019 beat
276 950 400 1019 admitti
423 951 461 1020 ad
480 951 693 1020 excusandum
711 975 830 1041 regern.
871 953 970 1040 Super
988 951 1036 1018 his
1051 953 1219 1041 proposuit
1241 962 1274 1019 et
1296 949 1440 1038 allegavit
1456 951 1557 1018 Dnus.

182 1057 406 1144 Sigismundus
434 1060 538 1146 primo
568 1082 627 1147 pro
656 1071 742 1147 parte
771 1060 869 1148 regis,
898 1058 1000 1125 Dnus.
1025 1057 1183 1126 Iohannes
1206 1057 1357 1146 Aloysius
1388 1056 1558 1125 advocatus

183 1166 312 1253 reginae
336 1164 510 1252 respondit,
535 1177 566 1233 et
589 1165 662 1233 inde
686 1164 736 1232 alii
760 1163 946 1246 hincinde,
970 1164 1027 1232 sed
1050 1165 1227 1252 incongrue
1252 1175 1283 1232 et
1306 1165 1556 1252 impertinentes,

182 1269 301 1360 absque
330 1271 388 1339 ulla
417 1272 583 1360 gravitate,
613 1270 669 1339 sed
700 1270 833 1360 quadam
865 1269 1028 1359 garrulosa
1058 1271 1267 1338 contentione
1298 1282 1329 1338 et
1357 1268 1555 1338 confusione.

182 1377 265 1466 Papa
289 1389 321 1444 et
344 1376 514 1445 cardinales
539 1377 620 1445 male
645 1378 788 1445 contenti
812 1389 844 1445 et
867 1375 1015 1444 satisfacti
1039 1375 1078 1444 de
1103 1377 1147 1444 eis
1171 1387 1401 1444 remanserunt.

289 1482 350 1550 Die
380 1484 528 1552 mercurii
551 1483 606 1550 VI.
636 1484 739 1551 martii
772 1503 853 1570 1532
883 1481 941 1552 fuit
971 1484 1197 1550 consistorium
1229 1483 1261 1549 in
1292 1480 1355 1548 sala
1384 1480 1558 1570 supradicta

183 1613 314 1678 magna,
343 1588 395 1656 ubi
418 1588 475 1656 alia
504 1588 672 1679 disputatio
697 1591 779 1657 inter
801 1588 973 1657 advocatos
1004 1589 1087 1677 regis
1112 1607 1143 1656 et
1170 1588 1299 1676 reginae
1322 1587 1501 1675 Anglorum
1526 1588 1558 1656 in

183 1707 358 1784 conspectu
392 1696 493 1783 Papae
527 1708 558 1763 et
590 1695 809 1777 cardinalium,
843 1696 936 1762 etiam
970 1693 1186 1783 praesentibus
1218 1692 1413 1761 auditoribus
1445 1694 1558 1777 Rotae,

184 1802 291 1870 multis
316 1801 468 1890 praelatis,
493 1800 653 1870 advocatis
677 1814 708 1870 et
731 1800 986 1891 procuratoribus
1008 1801 1123 1868 Curiae
1147 1819 1179 1868 et
1201 1801 1275 1868 viris
1299 1799 1566 1890 quamplurimis

183 1907 286 1976 doctis
309 1906 348 1974 ad
372 1903 574 1976 audiendum.
622 1908 673 1974 Sic
697 1908 782 1975 enim
807 1906 908 1976 voluit
932 1907 1013 1994 Papa
1042 1929 1157 1974 omnes
1185 1903 1308 1975 admitti
1337 1918 1368 1974 et
1395 1907 1558 1987 interesse,

183 2013 239 2082 sed
263 2037 373 2103 parum
398 2012 616 2081 satisfecerunt
638 2015 755 2102 Papae,
781 2012 986 2082 cardinalibus
1016 2026 1048 2080 et
1070 2011 1136 2080 aliis
1159 2011 1354 2100 supradictis.
1402 2011 1439 2100 (f.
1465 2011 1558 2101 220.)

289 2119 351 2187 Die
375 2121 522 2188 mercurii
546 2120 631 2187 XIII.
649 2121 752 2188 martii
773 2139 855 2206 1532
880 2119 1106 2187 consistorium
1130 2129 1298 2200 secretum,
1322 2119 1437 2207 inquo
1461 2118 1558 2185 auditi

183 2226 311 2294 suerunt
338 2224 483 2294 advocati
511 2227 594 2314 regis
622 2239 654 2294 et
676 2227 804 2315 reginae
828 2224 1009 2314 Anglorum
1037 2248 1131 2314 super
1156 2247 1267 2293 eorum
1296 2222 1558 2313 disputationibus

183 2358 239 2400 scu
256 2334 361 2423 potius
379 2331 639 2401 contentionibus
655 2331 705 2399 vel
721 2334 957 2415 controversiis,
980 2333 1074 2400 etiam
1090 2330 1348 2399 interessentibus
1364 2330 1558 2398 auditoribus

183 2441 285 2508 Rotae
310 2451 474 2526 utsupra,
499 2437 648 2505 omnibus
672 2438 736 2506 lere
762 2437 903 2527 praelatis
933 2451 965 2506 et
993 2439 1068 2505 iuris
1096 2438 1203 2526 peritis
1228 2437 1352 2505 Curiae.
1401 2435 1438 2526 (s.
1464 2437 1557 2528 221.)

289 2546 350 2612 [)11
375 2545 522 2612 mercurii
544 2545 618 2612 XX.
637 2545 740 2613 martii
763 2543 821 2612 fuit
837 2545 1063 2612 consistorium
1087 2555 1244 2612 secretum
1268 2544 1299 2610 in
1325 2542 1393 2610 aula
1415 2541 1558 2610 inferiori

184 2673 310 2740 magna,
334 2649 375 2718 de
397 2673 458 2739 qua
482 2673 589 2738 supra3
623 2649 766 2718 advocati
790 2651 874 2738 regis
898 2662 930 2718 et
952 2651 1080 2737 reginae
1103 2649 1284 2736 Anglorum
1308 2649 1342 2715 in
1366 2650 1429 2716 suis
1453 2649 1558 2738 dispu-

183 2756 355 2826 tationibus
378 2754 504 2822 suerunt
528 2755 624 2824 auditi
647 2779 738 2825 more
762 2755 868 2824 solito.
916 2755 953 2844 (f.
979 2754 1072 2845 223.)

290 2863 352 2930 Die
376 2863 523 2929 mercurii
546 2863 588 2930 X.
612 2863 715 2951 aprilis
744 2882 826 2950 1532
850 2862 1076 2930 consistorium
1099 2873 1268 2944 secretum,
1298 2862 1330 2928 in
1355 2883 1419 2950 quo
1444 2858 1558 2929 doctor

185 2993 266 3038 unus
291 2969 504 3036 bononiensis
528 2992 587 3059 pro
611 2991 686 3057 rege
710 2967 844 3057 Angliae
867 2980 977 3037 contra
1000 2969 1142 3056 reginam
1168 2969 1200 3034 in
1225 2991 1316 3035 causa
1339 2965 1557 3035 dissolutionis

183 3076 379 3144 matrimonii
403 3074 526 3163 publice
550 3076 657 3165 posuit
681 3093 712 3143 et
734 3073 815 3142 bene
839 3098 873 3141 se
898 3074 1014 3142 habuit.

290 3179 351 3248 Die
375 3182 522 3249 mercurii
545 3180 648 3248 XVII.
673 3180 776 3269 aprilis
800 3181 1026 3248 consistorium
1049 3179 1161 3263 simile,
1185 3181 1218 3246 in
1241 3204 1306 3269 quo
1329 3182 1412 3247 inter
1435 3191 1557 3247 caetera

183 3287 270 3354 idem
299 3285 413 3354 doctor
442 3287 656 3354 Bononiensis
684 3309 742 3375 pro
766 3309 842 3374 rege
865 3284 998 3374 Angliae
1026 3286 1192 3374 proposuit
1215 3303 1325 3353 contra
1353 3283 1487 3352 eandem
1510 3308 1558 3352 re·

183 3394 302 3482 ginarn.
350 3392 389 3482 (I.
415 3392 528 3482 227.)¹

290 3500 351 3568 Die
382 3499 528 3566 mercurii
560 3499 682 3566 XXIV.
716 3497 819 3586 aprilis
852 3517 933 3584 1532
965 3498 1191 3565 consistorium
1223 3508 1396 3580 secretum,
1430 3498 1461 3564 in
1492 3520 1556 3586 quo

184 3606 266 3673 inter
297 3617 419 3674 caetera
450 3603 680 3693 disputationes
711 3627 805 3692 super
837 3604 1044 3672 matrimonio
1077 3604 1160 3692 regis
1192 3615 1223 3674 et
1255 3604 1382 3691 reginae
1412 3603 1556 3692 Angliae.

185 3710 341 3801 (1221)

290 3817 353 3884 Die
381 3818 527 3885 mercurii
555 3817 612 3884 IX.
641 3816 705 3885 iulii
735 3837 813 3904 1533
840 3815 897 3884 fuit
928 3818 1154 3885 consistorium
1184 3827 1341 3885 secretum
1374 3839 1468 3906 super
1497 3815 1557 3884 dis-

185 3923 333 3990 cussione
349 3925 545 3991 matrimonii
567 3924 651 4011 regis
669 3922 803 4011 Angliae
827 3934 936 3991 contra
953 3924 1097 4012 reginam
1121 3946 1178 4011 pro
1195 3921 1414 4006 dissolutione,
1440 3934 1471 3990 et
1486 3922 1559 3990 licet

185 4027 301 4117 pluries
329 4029 361 4094 in
386 4028 480 4096 simili
503 4029 695 4096 consistorio
719 4041 822 4117 partes
850 4027 966 4097 fuerint
988 4028 1111 4097 auditae
1135 4040 1166 4096 et
1189 4030 1319 4096 materia
1343 4051 1451 4095 coram
1476 4028 1558 4116 Papa

185 4147 216 4202 et
240 4132 446 4202 cardinalibus
470 4135 631 4217 ventilata,
660 4147 768 4202 tamen
793 4135 947 4217 maxime,
975 4137 1047 4224 quia
1074 4135 1127 4202 lite
1151 4132 1333 4202 huiusmodi
1356 4135 1390 4200 in
1413 4135 1559 4203 Romana

185 4241 270 4308 curia
294 4241 388 4307 etiam
411 4242 444 4307 in
468 4239 625 4308 auditorio
642 4242 743 4310 Rotae
767 4263 875 4308 coram
892 4239 1014 4309 Revd0.
1038 4240 1125 4307 Dn0.
1144 4240 1241 4307 Paulo
1258 4239 1457 4329 Capisuccho
1482 4264 1558 4329 pen-

185 4345 280 4414 dente
304 4369 359 4413 rex
375 4347 509 4434 Angliae
532 4345 623 4413 aliam
647 4369 735 4414 suam
753 4345 963 4414 concubinam
987 4348 1020 4414 in
1043 4369 1176 4414 uxorem
1200 4344 1349 4434 publicari
1368 4346 1503 4414 voluerit
1525 4348 1558 4414 in

185 4475 287 4482 ..—..—-
292 4472 395 4481 ..-—a

292 4547 302 4577 ¹
320 4540 416 4594 Dieser
428 4540 551 4595 Advokat
570 4558 616 4594 aus
629 4540 752 4611 bologna
771 4541 804 4594 ist
818 4539 957 4594 Girolamo
970 4539 1127 4606 Previdello,
1146 4540 1208 4594 dem
1222 4538 1291 4594 auch
1309 4541 1336 4594 111
1351 4540 1402 4594 den
1413 4539 1558 4595 Schreiben

185 4611 231 4664 der
254 4610 407 4682 Englinder
431 4628 495 4665 vorn
521 4627 562 4684 ²9·
587 4611 663 4682 April
685 4626 750 4681 1532
770 4610 920 4680 (0111111111,
940 4611 972 4665 V.
996 4629 1023 4664 n.
1047 4611 1136 4734 pprlz)
1161 4609 1265 4682 grosses
1290 4609 1348 4664 Lob
1374 4611 1460 4664 erteilt
1483 4611 1558 4670 wird.

185 4683 202 4736 S
222 4686 279 4736 alter
298 4682 374 4736 erbot
393 4699 421 4736 11
439 4683 504 4750 sich,
524 4683 592 4736 auch
611 4682 652 4736 die
670 4683 728 4736 Ehe
747 4681 888 4736 Heinrichs
907 4683 955 4736 mit
968 4680 1044 4734 Anna
1086 4680 1167 4752 oleyn
1186 4699 1218 4734 zu
1238 4681 1410 4752 verteidigen.
1442 4681 1557 4749 Pococlt,

186 4700 220 4807 ll
235 4753 292 4820 508.
329 4753 411 4807 Sonst
429 4753 462 4806 ist
476 4752 562 4807 nichts
582 4769 636 4806 von
654 4753 710 4806 ihm
729 4753 850 4808 bekannt.
888 4753 923 4806 Er
936 4769 993 4805 war
1011 4752 1066 4805 ubri
1088 4768 1135 4805 ens
1154 4751 1201 4805 der
1215 4751 1318 4822 einzige
1336 4769 1390 4806 von
1405 4751 1457 4806 den
1470 4753 1557 4808 uielen

185 4823 211 4876 in
229 4822 356 4877 Aussicht
379 4839 579 4894 genommenen
603 4822 822 4889 Rechtslehrem‚
847 4823 970 4877 walchen
993 4821 1035 4876 die
1082 4821 1212 4894 ngla'tnder
1238 4840 1283 4876 zur
1301 4822 1465 4894 Vertretung
1489 4823 1559 4878 thret

185 4893 271 4950 Sache
290 4893 406 4950 111110111
425 4893 479 4950 und
497 4911 546 4950 vor
564 4893 625 4952 dem
644 4894 841 4951 Konsistorium
861 4894 1007 4966 gewinnen
1024 4893 1150 4950 Isocraten.
1184 4893 1257 4949 State
1276 4893 1375 4968 Papers
1389 4891 1449 4948 Vll.
1466 4893 1523 4964 368.
