3782 5532
352 279 393 343 114
1469 287 1625 348 November
1646 292 1720 362 1528.

456 453 582 534 Questo
611 452 706 520 Rmo.
731 462 763 519 et
789 449 903 533 Illmo,
932 451 1107 519 ancorachb
1136 451 1175 520 da
1202 473 1312 541 questa
1335 452 1457 520 Maesta
1483 451 1594 520 habbia
1621 455 1719 540 gratia

350 558 430 628 della
453 558 557 626 chiesa
572 559 797 639 Vintoniense,
821 580 880 645 pur
895 580 963 623 non
986 577 1033 624 sta
1055 558 1196 626 resoluto
1220 558 1251 625 di
1273 557 1447 640 accettarla,
1471 581 1505 625 se
1528 559 1629 645 prima
1652 581 1719 624 non

351 664 490 748 intende,
515 665 574 732 che
597 663 630 731 di
645 666 734 731 costi
755 662 798 751 gli
822 664 848 728 si
866 661 1006 731 conceda
1029 663 1070 731 tal
1093 666 1201 751 gratia,
1225 665 1284 732 che
1301 687 1395 752 possa
1416 663 1535 732 tenerla
1552 685 1615 730 con
1634 687 1718 753 poco

351 770 527 860 dispendi0,
555 769 671 857 perche
699 769 720 836 il
743 769 850 836 valore
880 792 948 836 non
978 773 995 836 ὲ
1019 771 1165 857 maggior
1193 769 1224 837 di
1253 770 1357 859 quello
1387 769 1466 838 della
1490 769 1719 850 Dunelmense,

350 879 420 945 cioe
446 897 508 964 300
530 875 607 944 libre
631 875 663 943 di
685 887 812 964 queste3
845 879 963 942 exero
987 875 1096 942 ch’ella
1120 879 1137 942 ὲ
1159 877 1213 964 pila
1235 877 1413 966 propinqua
1436 879 1498 965 qua
1521 887 1552 944 et
1574 876 1627 943 nel
1651 899 1720 942 um-

349 983 442 1050 bilico
459 983 546 1072 quasi
570 981 619 1049 del
635 1003 748 1068 regn0,
772 983 849 1068 perb
867 981 1032 1048 volentieri
1056 981 1083 1048 la
1100 975 1249 1070 proporia
1265 1006 1282 1049 a
1298 1001 1417 1070 questa,
1442 981 1501 1048 che
1524 982 1602 1048 hora
1622 983 1719 1064 tiene,

347 1113 408 1178 pur
424 1089 482 1156 che
505 1088 533 1155 la
556 1111 647 1175 spesa
669 1099 781 1176 troppa
805 1110 872 1154 non
895 1087 938 1174 gli
962 1089 1059 1174 gravi,
1086 1100 1117 1156 et
1141 1087 1352 1170 considerato,
1377 1088 1435 1155 che
1460 1092 1477 1154 b
1500 1111 1585 1176 poco
1607 1106 1719 1176 tempo

350 1195 408 1262 che
431 1195 514 1282 pagd
537 1193 566 1258 la
589 1192 790 1281 expeditione
814 1191 853 1259 de
876 1191 904 1259 la
927 1193 1161 1276 Dunelmense,
1191 1210 1221 1260 et
1245 1194 1303 1260 che
1331 1191 1517 1261 accettando
1547 1193 1625 1260 hora
1640 1195 1720 1260 Vin-

349 1301 452 1381 tonia,
481 1299 512 1366 di
535 1321 645 1366 nuovo
669 1301 778 1365 vacari
805 1297 833 1364 la
856 1297 1091 1381 Dunelmense,
1121 1311 1153 1367 et
1175 1320 1231 1386 per
1253 1318 1367 1388 questo
1396 1298 1528 1387 qualche
1557 1298 1633 1366 altra
1655 1297 1721 1370 tara

349 1407 537 1486 mutatione,
560 1404 681 1492 perosi
703 1405 807 1492 potria
829 1415 919 1472 tanto
937 1405 990 1490 piu
1013 1427 1145 1492 pensare
1169 1404 1200 1472 di
1216 1404 1282 1471 farli
1305 1403 1413 1473 tutto'l
1427 1405 1551 1492 piacere
1575 1422 1605 1471 et
1621 1406 1720 1492 gratia

348 1513 381 1578 in
405 1521 514 1601 questa
537 1509 750 1599 expeditione,
774 1511 833 1578 che
856 1508 941 1577 fusse
963 1509 1122 1598 possibile,
1147 1530 1177 1578 et
1201 1511 1338 1578 maxime
1362 1509 1499 1577 essendo
1522 1511 1554 1578 S.
1571 1511 1602 1578 S.
1627 1511 1718 1580 Rma.

349 1616 543 1685 benemerita
566 1637 661 1683 come
685 1619 703 1682 e
726 1615 757 1683 di
773 1616 815 1683 N.
832 1616 968 1702 Signore
993 1635 1023 1682 et
1048 1615 1087 1682 de
1109 1615 1138 1683 la
1161 1615 1244 1684 Sede
1260 1615 1461 1705 Apostolica3
1492 1616 1550 1683 che
1573 1617 1607 1682 in
1621 1618 1720 1683 verita

349 1725 415 1792 eius
438 1721 597 1809 vigilantia
622 1732 653 1789 et
675 1720 874 1789 solicitudine
897 1720 925 1788 la
948 1719 1031 1789 Sede
1050 1721 1235 1810 Apostolica
1258 1723 1312 1810 qui
1336 1734 1367 1789 et
1389 1722 1509 1789 altrove
1533 1733 1580 1790 sta
1602 1745 1719 1790 ancora

349 1829 400 1897 nel
422 1852 482 1896 suo
505 1827 605 1915 grado
629 1839 661 1896 et
684 1827 813 1915 dignita.
859 1829 963 1914 Prego
987 1828 1028 1894 V.
1053 1827 1095 1909 S,
1124 1827 1183 1895 che
1206 1829 1295 1916 operi
1327 1851 1389 1894 con
1412 1828 1454 1895 N.
1478 1828 1629 1915 Signore,
1659 1827 1719 1896 che

349 1959 389 2002 ne
414 1933 521 2001 mandi
548 1933 580 2000 S.
604 1933 635 1999 S.
660 1934 751 2001 Rma.
780 1935 812 1999 in
842 1932 948 2000 buona
976 1945 1064 2021 parte
1095 1946 1260 2015 contenta,
1278 1945 1322 2001 et
1350 1935 1394 2000 sia
1422 1932 1500 2002 fatto
1528 1933 1589 2001 tale
1617 1932 1720 2001 dimo-

348 2042 499 2108 stratione
523 2062 541 2106 a
563 2039 657 2128 quelli
680 2039 761 2121 suoi,
785 2039 843 2106 che
866 2062 907 2106 ne
931 2037 1128 2126 parleremo,
1157 2039 1216 2106 che
1239 2038 1425 2122 intendam,
1449 2051 1568 2128 quanto
1592 2040 1719 2107 anch'io

348 2145 493 2213 n'habbia
515 2145 633 2233 scripto
658 2142 882 2213 caldamente.¹

453 2252 496 2318 Di
518 2249 647 2318 londra
669 2249 691 2316 il
714 2250 745 2319 dl
769 2251 880 2339 d'ogni
902 2251 993 2318 santi.

454 2355 611 2425 Havendo
635 2355 734 2444 digia
756 2370 875 2424 serrato
892 2355 913 2423 il
929 2356 1030 2444 plicco
1055 2375 1086 2424 et
1107 2356 1225 2440 datolo,
1249 2369 1363 2445 questo
1379 2357 1474 2426 Rmo.
1491 2368 1522 2424 et
1537 2355 1639 2424 Illmo.
1663 2380 1719 2445 per

348 2464 445 2531 nuovi
465 2464 572 2544 avvisi,
597 2462 655 2529 che
672 2461 711 2529 ha
735 2461 784 2529 dal
800 2462 1050 2530 Cristianissimo
1073 2464 1106 2529 in
1125 2464 1255 2530 materia
1277 2464 1361 2551 pacis
1376 2463 1568 2546 universalis,
1593 2463 1719 2552 ilquale

348 2570 444 2636 niuna
460 2592 534 2636 cosa
557 2591 655 2656 pensa
678 2570 758 2635 circa
783 2569 832 2635 cib
849 2591 942 2636 senza
965 2568 985 2635 il
1006 2567 1162 2656 consiglio
1187 2581 1218 2636 et
1234 2591 1393 2636 consenso
1418 2567 1448 2634 di
1472 2581 1581 2658 questa
1597 2570 1718 2636 Maesta

349 2687 380 2743 et
403 2675 499 2742 Rmo.
523 2673 688 2756 cardinale,
718 2693 750 2740 et
771 2697 828 2763 per
851 2675 872 2741 il
895 2674 1052 2742 desiderio
1080 2673 1210 2742 ardente
1234 2674 1291 2742 che
1314 2675 1369 2757 ha,
1393 2674 1452 2742 che
1475 2687 1564 2742 tanto
1588 2674 1669 2742 bene
1692 2676 1718 2741 si

349 2779 492 2847 conduca
515 2803 533 2846 a
555 2778 629 2862 fine,
653 2780 768 2868 poiche
790 2803 846 2868 per
869 2780 979 2848 lettere
1003 2779 1033 2848 di
1057 2781 1097 2847 V.
1116 2780 1147 2847 S.
1172 2783 1198 2847 ci
1223 2783 1240 2846 ὲ
1264 2780 1363 2848 molta
1386 2803 1535 2868 speranza
1558 2804 1598 2848 ne
1621 2779 1718 2848 lave-

350 2897 424 2953 nuta
447 2884 498 2954 del
520 2887 616 2954 Rm0.
641 2885 807 2967 Generale,
831 2885 871 2953 ha
894 2884 1107 2968 consideratu,
1131 2886 1190 2953 che
1206 2885 1374 2953 acciocche
1398 2885 1450 2953 nel
1473 2898 1583 2975 tempo
1609 2886 1667 2954 che
1691 2889 1717 2954 si

348 3002 440 3060 tratta
463 2989 547 3059 detta
570 3013 662 3079 pace,
692 3014 760 3058 non
783 2993 809 3058 si
837 2991 886 3058 dia
909 3014 1015 3059 nuova
1043 2993 1172 3060 materia
1194 3015 1212 3058 a
1235 2993 1381 3079 maggior
1409 3015 1537 3080 guerra,
1566 2991 1597 3059 di
1620 3004 1717 3074 sorte,

349 3096 408 3164 che
431 3099 464 3163 in
486 3109 570 3164 tutto
594 3110 627 3164 et
648 3119 705 3184 per
720 3108 804 3164 tutto
827 3098 882 3186 poi
906 3099 932 3164 si
955 3095 1117 3164 confonda
1140 3109 1171 3166 et
1194 3096 1290 3185 perda
1308 3117 1418 3186 questa
1441 3097 1633 3165 intentione:
1658 3099 1717 3165 che

348 3204 427 3269 saria
450 3203 552 3270 molto
576 3203 608 3269 in
632 3203 810 3292 proposit0,
834 3202 892 3270 che
908 3203 971 3270 Sua
986 3203 1105 3270 Santita
1127 3203 1246 3270 facesse
1269 3204 1415 3271 instantia
1439 3226 1589 3292 appresso
1612 3206 1717 3272 atutti

348 3309 450 3397 questi
479 3309 627 3397 principi,
656 3308 714 3375 che
737 3309 860 3376 intanto
889 3309 948 3376 che
970 3311 997 3375 si
1023 3320 1114 3377 tratta
1143 3321 1175 3377 et
1197 3308 1351 3398 digerisce
1381 3309 1409 3376 la
1432 3311 1576 3391 materia,
1607 3308 1718 3377 sileant

347 3436 477 3504 prorsus
493 3437 579 3482 arma
602 3426 634 3482 et
656 3415 682 3481 si
706 3414 837 3482 havesse
853 3413 1094 3503 quodammodo
1118 3437 1181 3482 una
1195 3416 1360 3498 sicurezza,
1385 3415 1442 3482 che
1460 3438 1527 3482 non
1550 3415 1576 3482 si
1593 3416 1717 3482 venisse

347 3518 387 3587 ad
409 3545 516 3588 nuove
545 3521 657 3588 iniurie
680 3532 711 3587 et
735 3518 845 3603 danni,
874 3533 905 3589 et
928 3520 1006 3588 fatto
1034 3533 1147 3609 questo
1175 3520 1384 3588 fundamento
1408 3544 1501 3588 senza
1530 3519 1626 3588 dubio
1650 3545 1716 3589 non

347 3629 415 3694 sart
438 3626 476 3694 da
492 3649 640 3714 sperame
663 3649 697 3693 se
716 3649 782 3692 non
800 3625 873 3714 quel
894 3625 969 3708 fine,
993 3627 1092 3694 chesi
1117 3625 1259 3694 desidera
1283 3645 1313 3693 et
1330 3626 1389 3694 che
1404 3625 1538 3714 bisogna
1558 3626 1615 3694 alle
1631 3639 1716 3694 tante

348 3732 513 3800 calamitati
544 3719 587 3799 de'
614 3733 761 3801 cristiani.
807 3732 848 3798 Di
880 3731 937 3799 che
969 3743 1143 3800 commette
1173 3731 1201 3798 al
1225 3756 1284 3800 suo
1315 3745 1441 3800 oratore
1469 3735 1563 3814 costi,
1591 3733 1648 3800 che
1677 3756 1716 3800 ne

347 3838 423 3926 parli
452 3849 668 3905 strettamente
701 3860 763 3906 con
787 3836 849 3904 Sua
872 3838 1006 3919 Santita,
1035 3851 1066 3905 et
1089 3838 1205 3926 perche
1232 3837 1262 3905 la
1284 3861 1358 3905 cosa
1386 3840 1430 3904 mi
1457 3861 1531 3928 pare
1560 3862 1677 3906 ancora
1699 3862 1715 3906 a

347 3967 400 4010 me
424 3943 526 4011 molto
554 3954 713 4030 oportuna
737 3955 768 4010 et
790 3945 975 4026 necessaria,
998 3945 1076 4031 perd
1100 3967 1141 4011 ne
1161 3945 1205 4012 ho
1233 3943 1343 4013 voluto
1366 3944 1429 4012 fare
1453 3957 1558 4013 motto
1582 3946 1657 4012 aV.
1673 3945 1716 4027 S,

347 4048 514 4116 acciocche
537 4048 566 4115 la
588 4072 630 4115 ne
653 4048 750 4116 faccia
772 4071 834 4116 con
858 4050 900 4117 N.
922 4049 1060 4137 Signore
1081 4048 1186 4137 quello
1210 4047 1329 4130 officie,
1354 4049 1464 4117 ch'ella
1487 4049 1589 4117 iudica
1613 4073 1716 4118 essere

347 4153 375 4220 al
397 4155 575 4243 proposit0,
600 4172 631 4222 et
654 4154 723 4221 allei
747 4152 778 4221 di
801 4156 956 4222 continuo
980 4156 1038 4222 mit
1061 4155 1319 4223 raccommando

452 4259 494 4326 Di
517 4258 645 4326 Londra
667 4259 716 4326 alli
741 4280 760 4326 2
784 4260 815 4326 di
839 4259 1014 4328 novembre
1042 4263 1135 4345 1528.

1031 4367 1084 4434 Uti
1107 4365 1188 4434 filius
1250 4421 1284 4487 L.
1310 4420 1381 4488 Car.
1406 4420 1610 4509 Campegius.

348 4494 557 4501 m

453 4569 461 4598 ¹
480 4560 531 4613 Die
544 4559 710 4632 Verleihung
730 4561 911 4615 Winchesters
930 4578 965 4614 an
977 4561 1071 4615 Wolse
1110 4563 1147 4631 (in
1167 4561 1434 4630 administrationem)
1454 4563 1568 4634 erlolgte
1587 4565 1624 4616 im
1642 4565 1715 4618 Kon-

346 4633 482 4686 sistorium
505 4648 548 4685 am
567 4631 591 4686 8.
612 4629 687 4684 Febr.
708 4647 718 4685 1
743 4646 783 4703 29.
821 4631 876 4685 Das
896 4631 997 4686 bistum
1017 4633 1073 4686 Dur
1108 4650 1136 4686 m
1159 4631 1246 4686 besass
1265 4632 1385 4687 derselbe
1409 4635 1459 4688 seit
1480 4649 1520 4704 30.
1540 4633 1563 4687 Α
1583 4635 1615 4688 ril
1635 4649 1715 4705 15a3;

346 4702 384 4756 als
403 4699 571 4772 Nachfolger
584 4701 650 4756 W.'s
673 4703 700 4754 in
719 4645 873 4756 demselben
896 4719 1003 4756 nermen
1022 4702 1063 4756 die
1081 4703 1150 4757 Acta
1169 4702 1286 4758 Consist.
1310 4712 1387 4757 unter
1405 4702 1467 4758 dem
1490 4719 1532 4759 21.
1572 4705 1627 4760 ebt.
1650 4721 1716 4774 1530

346 4772 478 4827 Robertus
491 4772 624 4826 Dustarda
642 4771 784 4841 (Cuthbert
803 4771 944 4842 Tunstall),
963 4773 1009 4827 der
1028 4773 1067 4826 bis
1086 4773 1165 4827 dahin
1183 4773 1295 4828 Bischos
1311 4792 1363 4828 von
1377 4773 1490 4829 London
1510 4791 1640 4846 genesen
1652 4793 1715 4830 war.

346 4843 382 4897 Es
400 4844 433 4897 ist
453 4843 495 4896 ein
513 4843 617 4910 lrrtum,
637 4859 718 4898 wenn
736 4843 840 4898 Froude
859 4843 926 4898 Hist.
945 4842 977 4897 of
992 4843 1032 4897 En
1052 4843 1115 4898 land
1133 4844 1152 4899 1.
1174 4859 1218 4898 101
1242 4846 1358 4915 angiebt,
1378 4845 1491 4918 Wolsey
1511 4847 1578 4900 habe
1597 4845 1640 4900 die
1660 4846 1713 4899 Bis-

346 4919 433 4968 tumer
452 4913 571 4966 Durham
591 4913 644 4968 und
662 4913 833 4968 Winclrester
852 4932 883 4967 zu
902 4913 1021 4985 gleicher
1033 4861 1093 4968 ieta
1113 4915 1247 4970 besessen.
