3796 5538
174 289 323 343 Consilium
342 307 421 360 super
440 307 517 343 eausa
536 288 658 360 Anglica.
1480 281 1543 343 237

173 451 361 517 sententiam
387 461 498 518 contra
526 449 766 516 matrimonium
796 447 888 516 latam
918 471 1091 538 numquam
1116 451 1248 518 transire
1272 451 1304 517 in
1333 475 1400 518 rem
1430 453 1544 521 iudica-

172 567 235 622 tant
271 567 365 645 atque
402 557 474 623 huic
511 578 620 623 causae
656 579 782 644 semper
815 566 954 642 apertam
993 578 1061 622 esse
1099 555 1192 637 viam,
1225 555 1264 623 de
1299 558 1365 624 iure
1398 582 1457 625 suo
1493 583 1544 626 ex-

173 660 334 748 pertundi,
367 680 398 728 et
431 660 504 728 ideo
538 660 651 728 vulnus
680 662 742 728 hoc
771 683 898 748 semper
926 659 1061 727 refricari
1098 672 1129 728 et
1166 685 1290 729 causant
1321 674 1398 731 tnnc
1426 664 1458 730 in
1488 664 1544 732 du-

173 767 259 834 bium
284 780 315 835 et
339 768 590 834 controversiam
614 767 694 834 trahi
722 767 835 856 posse?
881 767 919 833 Et
947 767 1021 833 satis
1052 767 1111 833 erit
1139 791 1267 856 semper
1293 766 1481 836 dominandi
1508 795 1544 838 ac

171 871 317 940 turbandi
341 874 430 961 regni
455 871 585 962 cupidis,
608 873 634 939 sl
658 895 726 939 non
742 894 860 954 veram,
885 884 914 938 at
930 872 1135 940 verisimilem
1158 885 1190 942 et
1213 873 1386 942 coloratam
1411 877 1456 943 eis
1473 901 1543 945 cau-

172 1002 239 1045 sant
269 979 426 1067 praeberi;
461 978 549 1068 quod
579 980 664 1046 eninr
700 981 730 1044 in
763 977 884 1046 filiabus
912 979 1041 1046 Henrici
1071 979 1135 1062 III,
1168 993 1202 1047 ut
1230 982 1340 1048 asserit
1367 1005 1432 1064 rex,
1462 982 1545 1051 nulla

171 1083 360 1152 subsistente
391 1109 483 1152 causa
511 1097 563 1153 aut
587 1086 709 1152 ratione
733 1083 848 1152 lactum
878 1083 950 1166 fuit,
982 1108 1036 1152 cur
1064 1086 1097 1152 in
1128 1110 1161 1152 re
1189 1084 1270 1154 adeo
1298 1087 1445 1176 ambigua
1473 1087 1540 1156 fieri

171 1214 266 1278 posse
290 1189 408 1259 facilius
432 1213 498 1258 non
524 1189 699 1272 credamus,
724 1214 779 1279 spe
802 1188 957 1278 regnandi
981 1192 1147 1280 praecipue
1170 1193 1323 1260 iniecta?¹

278 1296 356 1365 Illud
386 1309 546 1386 praeterea
574 1321 641 1364 non
672 1295 987 1386 praetermittendum
1018 1310 1080 1380 est,
1109 1297 1196 1387 quod
1225 1298 1406 1367 huiusmodi
1436 1303 1541 1369 matri·

171 1405 285 1470 monio
310 1403 465 1471 dissoluto
489 1404 606 1471 Caesar
635 1405 772 1470 maxime
803 1402 982 1471 offendetur
1011 1405 1217 1494 universaque
1248 1407 1314 1473 eius
1343 1405 1473 1488 familia,
1502 1409 1543 1475 ita

172 1521 206 1577 ut
228 1523 379 1599 perpetua
403 1509 505 1578 futura
529 1511 591 1578 sint
616 1512 696 1578 inter
720 1511 780 1576 hos
803 1533 895 1598 reges
919 1533 985 1576 non
1010 1509 1111 1577 modo
1135 1510 1222 1593 odia,
1247 1511 1303 1579 sed
1328 1513 1421 1580 etiam
1447 1511 1525 1580 bella
1533 1539 1542 1597 ;

171 1615 358 1704 implacabili
382 1619 468 1684 enim
493 1617 603 1683 iniuria
626 1639 660 1684 se
683 1615 830 1684 affectum
856 1615 968 1704 procul
992 1614 1088 1682 dnbio
1112 1616 1302 1684 existimabit
1326 1617 1452 1702 Caesar,
1477 1643 1542 1687 ma·

170 1733 286 1790 tertera
309 1746 365 1790 sua
380 1722 491 1790 acerbe
514 1721 594 1790 adeo
614 1734 646 1790 et
669 1723 840 1789 inhumane
864 1719 1024 1809 repudiata
1049 1735 1121 1810 post
1145 1723 1254 1789 XVIII
1276 1746 1434 1790 annorum
1452 1723 1543 1792 obse·

170 1830 242 1918 quia
258 1829 409 1896 maritalia
425 1830 492 1916 regi
509 1829 664 1917 praestita.
707 1826 872 1895 Eiusmodi
888 1827 1095 1896 incommoda
1112 1851 1204 1917 quam
1223 1829 1285 1896 sint
1301 1828 1403 1897 futura
1419 1829 1543 1898 afflictis

171 1933 415 2003 christianorum
438 1935 531 2002 rebus
555 1937 650 2002 noxia
670 1954 702 2002 et
725 1933 896 2017 mortifera,
920 1935 987 2001 sine
1012 1957 1106 2001 sensu
1130 1946 1188 2016 est,
1213 1935 1265 2023 qui
1290 1958 1356 2002 non
1375 1938 1498 2004 sentiat.

277 2041 339 2108 Sed
364 2054 433 2109 esto
458 2042 584 2121 Caesar,
608 2040 673 2108 aliis
697 2040 866 2128 implicitus
894 2039 996 2122 bellis,
1025 2041 1105 2107 iusta
1132 2039 1352 2128 indignatione
1382 2054 1413 2110 et
1441 2043 1542 2111 vindi·

171 2146 258 2214 cibus
281 2148 376 2214 armis
400 2148 481 2215 hanc
505 2149 650 2214 iniuriam
675 2145 873 2235 expostulare
897 2166 950 2214 aut
972 2149 1119 2236 persequi
1142 2169 1210 2213 non
1232 2149 1360 2235 poterit,
1383 2172 1459 2236 rege
1483 2149 1542 2216 sal·

170 2270 236 2320 tem
261 2253 293 2319 in
318 2254 464 2320 humanis
488 2264 617 2340 agente,
646 2264 676 2320 at
707 2275 747 2320 eo
772 2253 832 2320 vita
855 2251 965 2320 Iuncto
990 2276 1100 2320 norme
1129 2254 1196 2341 ipse
1220 2253 1270 2321 vel
1294 2255 1360 2322 eius
1389 2254 1542 2323 haeredes

170 2358 386 2427 convolabunt
409 2370 440 2426 et
463 2360 621 2448 rapientur
638 2357 677 2426 ad
693 2358 870 2427 excitandas
893 2361 927 2425 in
942 2381 1044 2446 regno
1060 2357 1244 2443 seditiones,
1268 2361 1426 2449 suppetias
1450 2360 1541 2428 laturi

171 2467 210 2547 ei,
234 2467 435 2554 quitatione
459 2466 653 2532 matrimonii
677 2489 749 2532 curn
775 2463 837 2532 filia
859 2465 1053 2553 praetendat,
1077 2467 1125 2532 ius
1141 2467 1233 2552 regni
1256 2465 1294 2533 ad
1317 2489 1351 2534 se
1374 2466 1540 2554 pertinere.

170 2573 277 2661 Atque
301 2572 377 2639 haec
401 2572 528 2638 occasio
552 2570 675 2639 videtur
698 2583 824 2638 motura
847 2593 914 2637 non
939 2570 1038 2638 modo
1063 2572 1146 2658 regis
1169 2594 1340 2659 generum,
1368 2571 1424 2639 sed
1447 2595 1542 2661 quos·

170 2701 296 2767 cunque
328 2676 498 2745 seditiosos
532 2691 563 2745 et
598 2701 703 2744 rerum
735 2699 888 2744 novarum
922 2674 1071 2766 cupidos,
1103 2689 1294 2766 quapropter
1325 2679 1480 2744 maiorem
1512 2690 1543 2747 et

170 2783 387 2872 praesentibus
416 2797 447 2852 et
470 2783 581 2852 futuris
604 2781 757 2852 scandalis
786 2795 817 2851 et
844 2782 933 2850 bellis
960 2781 1130 2850 fenestram
1161 2796 1300 2871 apertam
1332 2781 1476 2851 videmus
1504 2809 1542 2852 ex

170 2890 366 2958 matrimonii
391 2891 482 2957 huius
505 2888 725 2972 dissolutione,
749 2912 843 2978 quam
867 2891 893 2956 si
917 2891 948 2956 in
972 2889 1042 2976 ipso
1066 2912 1318 2978 permaneamus.

277 2994 355 3063 Illud
379 3020 507 3086 quoque
530 2995 765 3064 demonstrasse
789 2997 887 3064 iuvat:
923 2992 1190 3063 considerandum
1216 3019 1295 3077 esse,
1320 2997 1403 3084 regis
1426 3007 1541 3084 quauta

169 3104 275 3190 vigeat
303 3101 386 3190 apud
415 3101 583 3170 Caesarem
619 3114 650 3168 et
681 3101 849 3169 Gallorum
884 3124 993 3190 regern
1022 3101 1210 3184 authoritas,
1245 3103 1298 3190 qui
1327 3099 1368 3168 ob
1398 3099 1544 3169 diuturna

170 3209 253 3275 inter
277 3231 333 3274 eos
357 3206 435 3275 bella
459 3205 548 3276 sedet
571 3206 814 3297 quodammodo
838 3206 962 3288 arbiter,
987 3205 1062 3274 dum
1079 3219 1192 3274 neuter
1215 3208 1289 3275 satis
1313 3219 1397 3275 tutus
1422 3225 1480 3290 est,
1502 3231 1541 3274 ne

170 3311 258 3380 alteri
282 3336 411 3401 prorsus
439 3313 621 3398 adhaereat;
653 3313 739 3403 quod
769 3315 794 3380 si
823 3314 1062 3381 matrimonium
1098 3313 1160 3380 hoc
1184 3314 1347 3401 respuerit,
1370 3326 1541 3402 perpetuus

171 3419 315 3486 Caesaris
340 3419 440 3487 hostis
464 3420 526 3487 iam
550 3419 659 3501 lactus,
683 3419 735 3486 ubi
752 3419 860 3486 Gallus
883 3417 1081 3496 intellexerit,
1105 3418 1222 3486 nullam
1247 3443 1316 3486 esse
1340 3417 1493 3487 redeundi
1509 3421 1542 3486 in

170 3526 304 3611 gratiam
329 3529 427 3609 viam,
451 3524 563 3592 foedus
586 3527 668 3594 inter
692 3550 748 3593 eos
772 3549 954 3613 percussum
981 3526 1086 3593 minus
1110 3538 1254 3593 sanctum
1279 3523 1419 3606 habebit,
1448 3537 1542 3616 atque

171 3629 223 3696 ubi
248 3631 368 3720 (nunc)
393 3655 409 3698 a
434 3631 526 3698 Gallo
556 3631 683 3714 colitur,
712 3655 752 3698 eo
776 3629 938 3712 deveniet,
969 3649 1001 3698 ut
1030 3650 1161 3717 cogatur
1190 3653 1263 3697 euru
1292 3630 1397 3698 colere
1426 3649 1456 3698 et
1487 3631 1542 3699 ob·

170 3759 310 3820 servare3
335 3738 438 3827 itaque
462 3739 595 3805 minoris
620 3739 678 3805 erit
701 3737 782 3825 apud
799 3760 872 3804 eunt
897 3738 1014 3823 gratiae
1032 3756 1063 3804 et
1078 3737 1285 3804 authoritatis.
1324 3737 1438 3826 Neque
1456 3739 1540 3805 enim

171 3841 263 3910 decet
286 3843 485 3911 Maiestatem
501 3844 596 3912 Suam
621 3842 774 3910 oblivioni
791 3842 923 3918 tradere,
944 3842 1053 3910 Gallos
1072 3842 1184 3929 Anglis
1202 3842 1382 3910 naturaliter
1400 3842 1542 3911 infensos

171 3971 251 4031 esse,
276 3949 416 4038 itemque
439 3949 563 4037 Anglos
588 3949 702 4032 Gallis,
732 3948 898 4038 solereque
927 3973 977 4016 res
1007 3947 1095 4016 nullo
1125 3947 1232 4015 labore
1255 3948 1294 4016 ad
1323 3949 1371 4016 sui
1399 3961 1542 4017 naturam

171 4052 259 4122 facile
283 4057 408 4123 reverti.

277 4161 426 4228 Dicerem
459 4163 602 4249 insuper,
643 4162 883 4230 existimationis
918 4163 1022 4249 regiae
1058 4141 1282 4250 clalissintique
1317 4162 1458 4228 nominis
1494 4163 1542 4228 sui

170 4267 327 4335 rationem
357 4290 423 4334 non
447 4267 561 4334 infimo
585 4280 638 4335 aut
664 4286 830 4356 postremo
855 4267 928 4334 loco
953 4266 1145 4348 habendam,
1174 4268 1303 4356 quaesi
1332 4278 1450 4356 quanta
1479 4268 1542 4336 sint

170 4372 253 4461 apud
277 4397 391 4441 omnes
408 4374 564 4461 principes
589 4387 620 4442 et
635 4374 782 4462 populos,
806 4385 891 4441 recta
914 4373 1002 4440 lance
1026 4375 1243 4456 aestimentur,
1267 4371 1345 4440 nihil
1369 4372 1541 4441 studiosius

277 4575 287 4607 ¹
305 4568 357 4622 Die
375 4585 429 4621 von
450 4567 553 4621 Fronde
572 4567 652 4636 (Hist.
672 4567 704 4621 ol
718 4567 841 4639 England
859 4567 878 4622 I.
901 4583 947 4636 113
969 4571 1019 4638 sq.)
1038 4567 1162 4621 mt'thsam
1180 4583 1335 4620 zusammen
1356 4567 1460 4621 estellte
1479 4567 1541 4621 Pra-

170 4637 377 4693 tendentenliste
400 4639 469 4692 kann
488 4638 530 4692 dle
552 4637 610 4692 hier
634 4638 743 4709 geltend
782 4638 923 4692 emachten
942 4637 1051 4692 Gn'mde
1075 4653 1165 4709 gegen
1184 4637 1226 4691 die
1245 4637 1324 4692 Schei
1344 4655 1399 4709 ung
1422 4655 1471 4692 nur
1483 4655 1541 4692 ver-

170 4709 275 4764 stirlren
296 4708 349 4764 und
367 4709 525 4792 bestatigen,
545 4725 576 4763 so
595 4712 657 4762 sehr
675 4710 743 4764 auch
761 4655 865 4764 Itoude
884 4709 966 4762 damit
985 4708 1027 4761 die
1047 4707 1266 4778 Notwendiglrelt
1285 4709 1358 4762 einer
1376 4725 1464 4764 neuen
1483 4709 1540 4763 Ehe

170 4781 306 4835 beweisen
321 4779 385 4834 will.
415 4769 549 4850 Ubngens
568 4780 641 4851 giebt
656 4797 685 4834 er
703 4779 785 4834 selbst
804 4799 835 4834 zu
854 4779 883 4848 (l.
900 4797 922 4833 c.
938 4778 1008 4905 trop,
1028 4777 1084 4832 dass
1103 4777 1144 4832 die
1158 4778 1243 4849 Frage
1262 4778 1308 4832 der
1321 4778 1448 4852 Erblolge
1468 4781 1541 4834 wohl

170 4851 247 4905 keine
266 4850 468 4922 Schwieriglreit
487 4851 612 4920 gemacht
630 4851 717 4905 haben
730 4850 830 4920 wurde,
850 4852 923 4904 haue
942 4850 984 4903 nic
1004 4857 1014 4903 t
1032 4849 1157 4904 Heinrich
1176 4865 1222 4903 aus
1241 4848 1339 4904 andern
1354 4849 1480 4906 Grtmden
1500 4850 1542 4908 die

170 4921 325 4994 Scheidung
343 4937 396 4974 von
415 4921 559 4974 Katharina
579 4922 707 4994 verlangt.
754 4971 757 4979 .
