3850 5534
208 387 278 443 1527
295 371 354 444 Juli.
1558 355 1577 419 5

206 533 334 622 gravior
358 533 493 620 pervasit
517 529 621 615 dolor,
645 556 740 622 quam
757 559 829 601 cum
854 532 1045 615 audiremus,
1070 532 1193 600 Romae
1210 554 1277 598 non
1301 528 1402 598 modo
1426 526 1582 596 incendiis

204 639 324 727 rapinis
346 638 461 726 stupris
484 635 694 728 caedibusque
719 639 856 707 humana
873 640 982 706 omnia
1004 637 1119 706 violata
1142 639 1219 719 iura,
1242 634 1299 704 sed
1322 637 1355 703 in
1370 635 1477 702 Deum
1501 657 1581 724 quo-

205 768 270 834 que
293 745 373 832 Opt.
403 744 487 811 Max.
516 742 553 810 ab
577 743 626 810 his
650 746 803 813 saevitum
834 767 912 812 esse.
963 743 1093 811 Illorum
1123 743 1209 810 enim
1238 741 1348 810 sceleri
1376 763 1431 830 par
1458 763 1580 807 nomen

205 875 275 918 non
297 852 484 938 reperimus,
508 873 646 939 quorum
672 850 793 918 inflexit
817 862 942 918 mentes
966 872 1033 917 non
1058 847 1180 937 publica
1204 849 1306 937 quies,
1331 870 1396 914 non
1422 847 1579 913 maiorum

204 957 364 1037 instituta,
393 977 461 1022 non
484 956 583 1042 pietas
607 954 682 1038 ulla,
711 958 787 1046 quin
812 979 885 1023 cum
909 977 1038 1022 summo
1067 955 1137 1042 ipso
1161 953 1332 1036 Pontifice,
1360 975 1438 1020 vero
1462 952 1580 1020 Christi

204 1062 324 1130 vicario
347 1059 549 1128 venerandos
570 1061 725 1129 antistites
755 1060 861 1128 multis
885 1059 1016 1128 affectos
1040 1058 1257 1143 contumeliis,
1286 1057 1400 1147 opibus
1428 1057 1579 1146 spoliatos

204 1166 357 1236 omnibus
381 1167 468 1257 quasi
491 1165 601 1234 hostes
625 1168 657 1234 in
681 1168 866 1236 servitutem
889 1164 1035 1234 redactos
1059 1163 1232 1256 voluerint;
1257 1163 1345 1255 quod
1366 1187 1444 1232 vero
1468 1165 1580 1230 imma·

203 1274 355 1340 nissimae
380 1274 531 1362 cuiusque
559 1274 713 1356 nationis,
743 1272 863 1342 nedum
892 1273 1136 1340 christianorum
1164 1271 1334 1339 hominurn
1363 1269 1503 1338 furorem
1532 1293 1580 1336 re·

202 1380 357 1468 pressisse
381 1391 412 1447 et
435 1380 539 1467 potuit
563 1394 594 1448 et
610 1377 727 1462 debuit,
751 1381 846 1447 sacris
859 1391 1042 1447 sanctorum
1066 1376 1195 1466 direptis
1216 1377 1355 1445 donariis
1379 1376 1579 1466 disiectisque

202 1508 260 1574 per
282 1484 452 1553 ludibrium
469 1484 622 1575 reliquiis:
647 1488 892 1554 sacratissimum
916 1497 951 1554 ut
973 1483 1071 1552 fertur
1087 1483 1205 1552 Christi
1229 1506 1354 1572 corpus,
1378 1483 1465 1551 illum
1482 1485 1578 1552 etiam

202 1593 406 1680 sanguinem,
430 1614 495 1680 quo
518 1593 645 1679 generis
668 1591 798 1660 humani
820 1591 985 1680 redempta
1001 1590 1138 1659 creditur
1160 1589 1252 1674 salus,
1276 1591 1489 1679 impurissime
1504 1614 1578 1678 pro·

201 1699 316 1786 phanis
340 1697 512 1786 polluerint
534 1697 689 1765 manibus.
728 1699 837 1782 Quam
862 1697 990 1788 quidem
1014 1709 1078 1764 tam
1095 1709 1236 1764 atrocem
1260 1698 1406 1764 iniuriam
1429 1695 1468 1764 ad
1490 1721 1579 1764 sanc·

200 1806 397 1872 tissimarum
421 1802 496 1872 fidei
519 1804 692 1872 catholicae
716 1804 823 1892 legum
852 1807 1013 1874 interitum
1037 1814 1234 1893 spectantem
1263 1803 1431 1894 qua[mv]is
1454 1814 1578 1871 ceteros

204 1909 396 1978 christianos
419 1913 577 1999 principes
601 1910 732 1980 inultam
757 1913 1021 2000 irreparatamque
1044 1909 1097 1978 diu
1121 1933 1187 1977 non
1211 1933 1359 1998 passuros
1382 1909 1577 1992 arbitramur,

201 2041 243 2084 eo
268 2016 399 2106 quidem
416 2019 517 2105 magis
540 2035 608 2085 turn
633 2040 816 2085 amoerore
834 2040 1022 2101 recreamur,
1046 2028 1115 2085 tum
1136 2015 1284 2084 libentius
1307 2028 1487 2085 nostrarum
1509 2038 1578 2084 esse

200 2125 340 2212 partium
364 2125 584 2212 agnoscimus,
608 2124 661 2212 qui
685 2123 947 2191 Christianissimi
975 2123 1067 2192 titulo
1097 2124 1196 2190 simus
1219 2122 1375 2210 insigniti,
1403 2123 1479 2190 totis
1502 2122 1579 2190 eniti

201 2227 331 2312 viribus,
355 2239 391 2296 ut
413 2229 664 2319 antiquissimam
681 2228 879 2298 labefactatae
903 2229 1065 2316 religionis
1088 2228 1198 2296 sedem
1217 2229 1375 2294 maiorum
1392 2246 1576 2295 nostrorum

201 2357 296 2402 more
318 2336 352 2401 in
376 2335 540 2423 pristinam
564 2333 762 2404 vindicemus
786 2335 984 2422 dignitatem.
1031 2335 1131 2403 Cuius
1154 2333 1283 2424 quidem
1306 2335 1352 2400 rei
1369 2334 1401 2400 in
1417 2356 1509 2422 spem
1531 2333 1578 2399 in·

200 2440 367 2529 gredimur
401 2443 588 2524 maximam,
625 2464 697 2508 cum
736 2439 1038 2524 animadvertamus,
1077 2452 1145 2508 tum
1181 2440 1405 2508 Paternitatem
1429 2439 1578 2506 Vestram

200 2547 348 2629 Rmam.,
379 2566 447 2614 tum
485 2547 563 2614 alios
588 2548 761 2615 nonnullos
785 2570 930 2615 summos
954 2548 1108 2615 antistites
1133 2545 1271 2634 collegas
1294 2563 1418 2614 vestros
1447 2567 1465 2610 a
1487 2553 1577 2612 tanto

200 2653 345 2741 periculo
370 2652 479 2721 divino
503 2653 595 2742 plane
618 2651 737 2721 iudicio
760 2665 916 2734 servatos,
941 2665 975 2722 ut
1004 2665 1110 2722 essent
1139 2655 1227 2742 quasi
1255 2651 1395 2720 collectis
1425 2648 1578 2738 naufragii

199 2758 325 2841 tabulis,
348 2782 486 2849 quorum
510 2759 606 2827 ductu
628 2761 813 2828 auctoritate
838 2771 870 2828 et
891 2759 1026 2828 consilio
1050 2761 1219 2828 instaurata
1241 2759 1325 2827 Petri
1350 2756 1490 2826 navicula
1510 2768 1578 2826 tan·

201 2863 278 2932 dem
301 2865 335 2930 in
358 2876 453 2953 portu
476 2863 582 2955 aliquo
606 2866 803 2934 consisteret.
849 2864 913 2934 Sed
935 2867 1006 2955 quia
1034 2867 1061 2932 is
1092 2877 1141 2933 est
1163 2887 1270 2933 rerum
1293 2876 1408 2946 status,
1437 2874 1472 2931 ut
1499 2861 1578 2930 nihil

203 2971 312 3037 minus
335 2993 430 3059 quam
461 2993 568 3038 moras
595 2969 753 3054 admittat,
782 2985 850 3040 tum
880 2973 976 3040 vestri
1000 2970 1136 3054 ordinis,
1164 2970 1204 3039 ad
1231 2993 1327 3060 quem
1356 2992 1393 3038 ea
1421 2969 1577 3057 imprimis

156 3107 168 3124 =
201 3100 277 3145 cura
300 3077 453 3165 pertinet,
483 3075 659 3145 admodum
688 3089 780 3165 egeat
813 3090 991 3162 conventu,
1025 3079 1152 3148 Rmam.
1189 3075 1324 3166 proinde
1351 3076 1576 3144 Paternitatem

200 3184 352 3250 Vestram
377 3183 470 3250 etiam
494 3195 588 3273 atque
616 3184 711 3252 etiam
739 3207 904 3273 rogamus,
933 3196 966 3252 ut
990 3184 1192 3252 Avenionem
1219 3195 1287 3252 tum
1316 3183 1480 3271 copiosam
1508 3193 1577 3249 tum

201 3289 355 3356 omnibus
378 3291 524 3357 omnium
548 3289 722 3360 rationibus
750 3289 1117 3358 accommodatissimam
1146 3290 1243 3358 vestri
1270 3289 1345 3356 iuris
1372 3287 1484 3357 urbem
1507 3311 1577 3356 sese

202 3394 357 3476 conferat,
389 3417 454 3485 quo
491 3419 530 3463 eo
560 3398 594 3463 in
622 3396 696 3464 loco
728 3398 893 3464 communi
922 3407 1029 3464 vestro
1052 3396 1221 3466 Rmorum.
1253 3392 1456 3462 cardinalium
1487 3393 1577 3462 Sere·

201 3501 390 3590 nissimique
406 3501 539 3588 Angliae
558 3503 642 3590 regis
665 3501 768 3569 fratris
783 3503 884 3569 nostri
905 3502 1067 3584 carissimi,
1082 3499 1173 3584 f[idei
1189 3499 1380 3591 defenslotis
1404 3523 1439 3568 ac
1463 3517 1576 3566 nostro

202 3606 339 3674 consilio
374 3629 518 3674 summae
547 3609 593 3674 rei
625 3607 834 3676 ecclesiastice
864 3619 896 3676 et
930 3619 1052 3675 mature
1087 3605 1209 3674 consuli
1245 3624 1276 3673 et
1309 3607 1414 3694 primo
1449 3627 1577 3694 quoque

199 3725 350 3800 tempore
377 3711 536 3782 subveniri
569 3714 680 3801 possit.
728 3713 829 3794 Quod
862 3712 949 3783 idem
986 3737 1059 3782 cum
1087 3736 1143 3802 per
1171 3711 1289 3780 litteras
1320 3711 1447 3802 reliquis
1476 3711 1574 3780 Rmis.

200 3817 393 3887 antistitibus
416 3817 709 3907 significaverimus,
733 3819 889 3910 reliquum
913 3838 971 3902 est,
995 3833 1029 3888 ut
1052 3843 1243 3910 quamquam
1266 3818 1315 3886 vel
1338 3817 1501 3886 voluntate
1524 3816 1575 3884 vel

200 3925 370 4014 prudentia
392 3936 495 3993 vestra
519 3926 651 3993 minime
676 3923 858 4009 diffidimus,
881 3939 990 3995 umen
1013 3927 1084 4016 quia
1107 3925 1272 4014 singularis
1295 3922 1449 4015 quaedam
1466 3935 1575 3992 nostra

199 4034 234 4100 in
251 4028 369 4098 Sedem
386 4031 605 4119 Apostolicam
622 4033 663 4098 ita
687 4030 797 4099 suadet
821 4031 1030 4115 observantia,
1054 4032 1180 4122 [iterum
1205 4035 1331 4115 omlnes
1354 4030 1520 4098 hortemur
1535 4027 1575 4097 ad

199 4148 323 4206 tantam
347 4157 415 4203 rem
439 4135 654 4224 praesentibus
682 4136 909 4226 capessendam
933 4139 1061 4222 animis3
1092 4150 1246 4228 quantum
1275 4136 1361 4205 enim
1389 4137 1574 4204 auctoritate

199 4242 321 4312 viribus
344 4241 449 4310 studio
473 4255 566 4334 atque
589 4265 686 4332 opera
709 4245 862 4334 consequi
885 4245 1070 4333 poterimus,
1093 4245 1296 4333 gravissimae
1320 4242 1392 4310 huic
1416 4241 1508 4310 simul
1527 4241 1574 4331 [ac

199 4347 344 4440 sancltae
368 4371 478 4416 causae
500 4373 656 4438 nusquam
681 4373 820 4440 unquam
844 4348 1008 4419 defuturos
1032 4373 1092 4418 nos
1115 4349 1312 4439 pollicemur.

309 4471 443 4564 Dat[um
466 4473 640 4563 Parrlhisiis
664 4472 715 4542 die
739 4493 790 4562 25.
815 4477 934 4544 mensis
958 4473 1030 4560 Julii
1058 4495 1149 4563 1527.

626 4581 788 4670 Franqoys
1303 4579 1465 4648 Robertet.

411 4737 492 4793 Arch.
516 4737 575 4792 Vat
612 4739 689 4794 Instr.
725 4739 801 4793 Misc.
837 4739 913 4794 Ama
936 4740 983 4796 IX.
1007 4757 1077 4812 caps.
1104 4756 1126 4795 1.
1151 4757 1177 4794 n.
1198 4754 1256 4794 202.
1294 4736 1380 4809 Orig,
1405 4738 1512 4809 Papier,
1540 4755 1574 4794 an

308 4827 377 4880 zwei
400 4825 500 4880 Stellen
525 4826 725 4894 durchlochert,
749 4826 871 4882 daneben
897 4828 957 4882 eine
980 4827 1129 4896 Abschrilt‚
1153 4827 1258 4882 welche
1281 4824 1379 4899 jedoch
1401 4823 1444 4879 die
1466 4825 1574 4883 Lr'tclren

308 4914 488 4986 unausgefiillt
510 4913 578 4970 lisst.
614 4915 665 4968 Die
683 4913 801 4970 Adresse
819 4925 902 4970 nenut
925 4916 978 4970 den
997 4916 1121 4971 Kardinal
1144 4917 1193 4970 mit
1215 4917 1319 4971 seinem
1341 4913 1432 4970 vollen
1454 4914 1574 4973 Namen:

308 5003 387 5058 Rmo.
411 5003 438 5057 in
457 5001 566 5058 Christo
584 5004 655 5058 Patri
674 5002 788 5058 Nicolao
807 5003 840 5059 de
859 5003 1006 5076 Rodulphis
1026 5012 1076 5060 etc.
