3796 5538
340 317 403 380 23ίῖ
1226 329 1374 388 Consilium
1395 351 1473 406 super
1492 349 1570 388 causa
1590 332 1712 402 Anglica.

339 490 505 574 suaderet,
536 511 570 558 ut
602 514 657 558 rex
687 491 769 560 aliud
804 493 1036 581 conglutinaret
1073 493 1333 576 matrimonium,
1369 517 1433 584 quo
1474 495 1665 562 evitarentur
1694 492 1712 558 ii

339 597 460 685 scopuli
484 610 515 665 et
539 621 593 666 eae
615 609 733 687 syrtes3
771 598 929 667 videretur
952 601 1031 666 mihi
1052 601 1159 688 potius
1182 623 1199 667 e
1223 599 1326 690 Scylla
1349 602 1381 667 in
1405 600 1593 689 Carybdim,
1617 622 1712 688 quam

341 725 357 768 e
381 702 483 792 Scylla
507 705 539 771 in
564 714 692 792 portum
717 727 751 772 se
774 707 949 794 recepisse,
980 705 1065 773 unde
1088 704 1262 774 videndum
1287 719 1344 788 est,
1369 730 1409 774 ne
1432 705 1589 794 fugientes
1613 703 1712 772 latum

340 808 513 877 incidamus
538 811 568 876 in
594 809 707 892 fatum,
737 810 825 901 quod
849 813 890 880 ita
913 811 1109 880 deducimus.
1155 813 1274 900 Negari
1305 836 1371 880 non
1402 825 1524 902 potest,
1553 811 1714 878 Sermum.

338 937 447 1004 regem
475 917 581 982 XVIII
610 939 767 984 annorum
792 918 841 986 vel
866 941 906 985 eo
930 918 999 1006 plus
1030 920 1131 1006 spatio
1156 941 1227 986 curn
1253 920 1362 1006 regina
1384 931 1547 1007 tamquam
1571 939 1646 985 cum
1670 916 1714 983 le·

339 1022 450 1110 gitima
473 1045 572 1090 uxore
597 1023 810 1108 cohabitasse3
834 1047 937 1113 neque
962 1023 1047 1106 illud,
1072 1023 1158 1114 quod
1181 1047 1275 1112 super
1299 1024 1481 1092 huiusmodi
1505 1025 1714 1092 matrimonio

338 1124 504 1216 impetrata
539 1128 630 1196 luerit
665 1153 681 1196 a
718 1130 799 1199 Sede
835 1130 1020 1218 Apostolica
1054 1130 1258 1219 dispensatio,
1312 1129 1425 1198 Nullus
1461 1132 1555 1198 etiam
1594 1128 1714 1196 Inficias

339 1233 404 1316 ibit,
429 1257 445 1301 a
471 1256 557 1322 parte
581 1237 777 1302 matrimonii
805 1249 886 1304 stare
917 1259 1052 1324 magnos
1081 1259 1278 1326 magnaeque
1308 1237 1506 1304 authoritatis
1536 1259 1608 1304 cum
1639 1234 1715 1302 doc-

337 1341 452 1422 trinae,
480 1353 547 1407 tum
573 1359 604 1408 et
627 1343 798 1409 sanctitatis
822 1344 907 1410 viros
930 1341 1039 1410 validis
1064 1361 1094 1410 et
1117 1366 1185 1410 non
1208 1342 1411 1431 aspernandis
1434 1341 1618 1424 rationibus,
1642 1355 1711 1409 tum

340 1471 378 1512 ex
405 1446 633 1534 theologorum
665 1449 800 1530 arcanis,
829 1461 897 1515 tum
928 1473 967 1516 ex
996 1472 1156 1516 sacrorum
1191 1473 1351 1516 canonum
1383 1449 1522 1517 fontibus
1554 1447 1713 1526 deductim

339 1575 418 1641 quae
442 1577 514 1620 curn
539 1555 581 1620 ita
604 1555 677 1636 sint,
700 1553 805 1622 videat
828 1555 968 1622 Sermus.
993 1578 1047 1623 rex
1072 1568 1103 1623 et
1127 1557 1180 1644 qui
1204 1557 1284 1624 hanc
1309 1555 1528 1624 scandalorum
1554 1558 1711 1622 rationem

338 1663 526 1746 persuadere
550 1659 671 1740 volunt,
696 1683 771 1726 num
797 1659 949 1728 discessio
974 1685 990 1727 a
1013 1662 1110 1749 priori
1128 1663 1335 1729 matrimonio
1359 1662 1500 1730 obstruat
1516 1685 1555 1727 an
1572 1663 1711 1749 apperiat

338 1764 491 1832 scandalis
516 1778 546 1833 et
568 1763 776 1832 seditionibus
801 1765 982 1848 fenestram,
1007 1769 1129 1834 omisso
1154 1781 1187 1836 ut
1204 1768 1350 1851 diximus,
1375 1768 1461 1856 quod
1481 1767 1568 1834 facile
1586 1768 1712 1834 evenire

339 1883 468 1960 posset,
503 1890 537 1938 ut
571 1893 625 1938 rex
661 1895 699 1937 ex
735 1871 872 1939 secunda
914 1895 1012 1940 uxore
1052 1886 1140 1960 pater
1172 1897 1239 1940 non
1274 1873 1374 1942 fieret.
1432 1875 1515 1942 Nam
1551 1873 1641 1962 prole
1676 1894 1713 1938 ex

339 1975 485 2044 secundis
524 1978 640 2065 nuptiis
672 1991 816 2066 suscepta
855 1978 1064 2047 irrationabile
1102 1992 1168 2062 est,
1205 1981 1360 2067 cogitare,
1396 2003 1462 2046 non
1498 1979 1619 2047 futuros
1660 1979 1712 2067 qui

338 2082 483 2152 studeant
512 2084 608 2172 priori
637 2085 859 2167 matrimonio,
892 2084 979 2174 quod
1010 2108 1095 2152 nunc
1126 2087 1221 2153 etiam
1253 2085 1398 2154 videmus
1431 2085 1514 2168 fieri;
1547 2099 1640 2174 atque
1672 2085 1712 2151 ita

339 2191 517 2258 necessario
542 2189 664 2258 diversa
689 2204 781 2258 erunt
811 2193 927 2258 civium
960 2190 1077 2274 studia,
1107 2215 1145 2259 ex
1173 2191 1285 2282 quibus
1314 2191 1440 2260 dissidia
1471 2205 1501 2260 et
1531 2190 1609 2258 bella
1637 2191 1713 2256 oriri

338 2296 451 2366 solent.
499 2297 592 2378 Quae
621 2309 710 2365 tanto
743 2298 836 2364 etiam
868 2299 988 2364 maiora
1021 2297 1171 2380 evadent,
1208 2311 1328 2388 quanto
1359 2300 1436 2365 haec
1466 2300 1529 2385 ipsa
1559 2295 1712 2364 fovebunt

338 2403 455 2470 lllmae.
479 2405 627 2492 principis
651 2404 795 2491 nuptiae;
831 2415 878 2470 est
910 2405 1010 2485 enim,
1041 2417 1075 2472 ut
1104 2402 1284 2488 credamus,
1313 2405 1472 2472 Sermum.
1502 2427 1611 2490 regern
1641 2425 1711 2470 eam

339 2511 448 2598 nuptui
472 2508 690 2576 traditurunt.¹
737 2509 844 2598 Itaque
868 2509 1106 2578 celebrabuntur
1130 2511 1189 2579 hae
1218 2513 1345 2599 nuptiae
1373 2511 1424 2578 vel
1447 2511 1528 2577 intra
1552 2509 1602 2578 vel
1626 2527 1712 2576 extra

339 2637 488 2702 regnum;
521 2617 547 2682 si
571 2618 666 2700 intra,
699 2628 783 2684 certe
807 2638 876 2682 non
900 2615 1120 2700 collocabitur,
1149 2619 1208 2683 nisi
1232 2617 1321 2684 alicui
1347 2641 1384 2684 ex
1408 2615 1615 2683 nobilioribus
1639 2637 1711 2702 pro·

339 2744 457 2804 cerum,
481 2723 533 2810 qui
549 2723 714 2791 Maiestate
738 2723 824 2810 regia
847 2721 1033 2806 decedente,
1058 2747 1130 2790 cum
1149 2721 1268 2792 videbit
1291 2747 1325 2790 se
1349 2723 1496 2790 maritum
1515 2723 1603 2789 istius
1620 2719 1711 2800 filiae,

339 2851 393 2896 cur
417 2826 552 2895 oblatam
577 2851 644 2895 non
667 2830 797 2916 accipiat
821 2831 1042 2911 occasionem,
1071 2829 1110 2896 de
1134 2831 1336 2897 successione
1367 2829 1456 2916 regni
1482 2827 1711 2916 periclitaturus

337 2956 393 3021 per
417 2957 550 3001 omnem
574 2935 668 3002 etiam
686 2933 844 3002 fortunam
870 2948 900 3002 et
924 2959 1042 3016 casum,
1066 2948 1101 3003 ut
1120 2934 1210 3002 adse
1228 2937 1398 3023 pertineat,
1420 2935 1445 3000 si
1462 2954 1548 3002 extra
1564 2955 1711 3020 regnum,

338 3040 427 3107 alicui
458 3041 551 3107 etiam
581 3061 700 3128 magno
729 3042 860 3129 principi
890 3043 1055 3129 iungetur,
1087 3043 1140 3130 qui
1171 3042 1355 3109 convocatis
1384 3039 1423 3107 ad
1453 3039 1576 3106 obitum
1608 3042 1711 3107 soceri

339 3146 448 3213 amicis
473 3159 503 3213 et
527 3169 638 3213 eorum
663 3145 776 3235 opibus
803 3160 834 3215 et
856 3148 951 3215 armis
976 3146 1059 3214 idem
1086 3147 1234 3215 molietur
1259 3160 1289 3215 et
1317 3146 1460 3228 tentabit,
1484 3144 1570 3213 unde
1595 3159 1710 3235 quanta

339 3249 499 3319 emersura
522 3254 584 3321 sint
607 3253 826 3334 incommoda,
851 3253 953 3320 nullus
978 3256 1099 3343 estqui
1124 3277 1189 3321 non
1215 3252 1328 3321 videat.

442 3357 544 3439 Quod
568 3359 593 3425 si
609 3357 739 3440 dicatur,
763 3360 836 3427 satis
853 3358 944 3427 fuerit
961 3362 992 3426 in
1018 3361 1075 3427 hac
1099 3384 1133 3428 re
1157 3360 1301 3427 habuisse
1322 3360 1512 3427 sententiam
1538 3359 1709 3446 apostolica

339 3463 527 3532 authoritate
551 3463 772 3532 confirmatam
797 3479 828 3533 et
852 3464 1025 3550 suffultam3
1062 3479 1131 3534 esto
1157 3468 1197 3534 ita
1219 3464 1299 3546 fore,
1324 3487 1433 3531 nonne
1457 3465 1560 3532 sciunt
1585 3487 1710 3546 omnes,

338 3694 513 3819 lrpgperenden
527 3693 638 3817 lir'rrstep¹
651 3693 914 3819 verppahlpluvurpep,
927 3697 974 3818 pin
988 3695 1163 3820 Lebensentde
1176 3696 1227 3818 wip
1241 3695 1287 3820 pas
1301 3695 1371 3818 pben
1384 3693 1562 3776 angedeutete
1576 3692 1710 3818 geppidpu

358 3783 442 3830 aen;
470 3782 519 3818 nur
538 3783 594 3817 was
632 3781 670 3818 rer
729 3781 758 3818 er
794 3783 828 3819 en
873 3783 890 3818 ο
944 3782 974 3820 es
994 3783 1121 3820 comese
1170 3783 1282 3819 raeaus
1324 3781 1466 3819 scomensis
1506 3780 1550 3818 esa
1584 3809 1591 3832 ‚
1646 3781 1709 3818 nne

338 3835 385 3890 aus
400 3835 442 3889 die
461 3835 630 3906 Ermordung
649 3835 695 3888 des
715 3837 824 3889 Pn'nzen
844 3837 977 3902 Heinrich,
998 3837 1044 3890 des
1063 3783 1168 3890 Sohnei
1188 3853 1241 3890 von
1262 3835 1399 3890 Heinrichs
1415 3835 1459 3888 III.
1479 3774 1582 3888 lIrudegi
1597 3835 1710 3889 Richard

338 3923 391 3960 von
405 3905 573 3972 Comwallis,
593 3923 635 3958 am
659 3921 697 3974 ¹3·
717 3905 788 3959 Malrz
810 3921 871 3976 ¹²7¹
897 3925 927 3960 zu
942 3907 1053 3961 Viterbo
1072 3908 1200 3960 wahrend
1219 3907 1267 3960 des
1281 3905 1428 3972 Koulrlave,
1449 3906 1574 3976 gedeutet
1594 3906 1709 3970 werden,

338 3978 459 4030 obschon
485 3977 552 4030 auch
576 3976 633 4029 hier
658 3977 730 4030 nicht
756 3976 906 4031 ersichtlich
930 3979 975 4044 ist,
999 3979 1051 4031 wie
1071 3977 1156 4031 dieser
1176 3977 1251 4031 PrInz
1276 3995 1307 4030 zu
1333 3976 1379 4029 der
1404 3977 1503 4046 oblgen
1522 3977 1691 4030 Bezeichnun

338 4049 441 4101 lrommt
460 4046 526 4100 oder
545 4047 597 4100 wie
616 4047 673 4100 sich
692 4048 751 4100 eine
770 4047 902 4101 Reziehun
942 4065 973 4102 zu
992 4047 1131 4102 Heianchs
1150 4048 1195 4103 III.
1215 4047 1272 4102 Ehe
1294 4048 1342 4101 mit
1361 4045 1495 4100 Eleonore
1515 4048 1633 4118 ergeben
1651 3993 1709 4112 solI

338 4119 369 4172 da
389 4119 464 4172 PrInz
484 4117 609 4171 Heinrich
629 4133 682 4170 von
701 4117 752 4170 den
767 4117 876 4172 Sohnen
913 4135 942 4172 es
957 4118 1057 4172 Grafen
1076 4119 1169 4172 Simon
1189 4135 1243 4172 von
1261 4117 1391 4172 Montfort
1411 4134 1457 4170 aus
1470 4116 1561 4171 Rache
1581 4119 1646 4172 uber
1664 4117 1708 4171 das

338 4189 412 4242 Ende
437 4189 507 4242 ihres
520 4188 616 4242 Vaters
635 4188 770 4242 emtordet
789 4188 888 4244 wurde.
926 4187 1054 4260 Lingard,
1073 4189 1172 4244 Gesch.
1192 4206 1245 4242 von
1269 4188 1404 4260 Eugland,
1428 4188 1473 4242 III.
1495 4187 1552 4242 262.
1590 4188 1709 4262 Raynald

341 4275 415 4330 1271,
440 4277 464 4314 n.
488 4275 509 4328 3,
537 4257 672 4324 Potthast,
697 4258 729 4314 11.
755 4276 780 4313 n.
801 4259 895 4314 20682.
933 4259 1021 4314 Wenn
1044 4260 1126 4314 daher
1144 4259 1275 4326 wirklich,
1295 4261 1348 4312 wie
1371 4259 1418 4312 der
1438 4257 1576 4313 Verfasser
1601 4275 1709 4313 unseres

338 4330 448 4384 Stuclres
468 4329 589 4399 angiebt,
615 4327 741 4383 Heianch
755 4329 826 4384 VIII.
846 4330 978 4402 derartIge
998 4329 1107 4385 Grande
1131 4348 1176 4384 zur
1194 4331 1284 4385 Stutze
1309 4331 1397 4384 seiner
1415 4329 1571 4400 Fordemng
1590 4331 1616 4384 in
1641 4331 1709 4384 Rom

339 4402 499 4472 vorbrhrgen
523 4399 593 4466 lless,
620 4416 651 4452 so
670 4399 750 4453 bleibt
775 4401 854 4454 haurn
879 4402 937 4455 eine
963 4402 1060 4455 andere
1079 4401 1222 4455 Annahme
1248 4402 1335 4471 ubrig,
1362 4400 1400 4454 als
1420 4399 1475 4454 dass
1500 4417 1529 4454 er
1553 4401 1618 4454 oder
1637 4401 1710 4454 seine

338 4471 493 4526 Gesandten
519 4489 552 4524 an
577 4469 624 4524 der
646 4470 740 4537 Hune,
764 4488 809 4524 wo
834 4489 896 4525 man
921 4471 963 4525 die
988 4473 1125 4542 englische
1149 4471 1312 4526 Geschichte
1338 4471 1385 4525 des
1406 4487 1445 4542 13.
1464 4471 1655 4540 Jahrhunderts
1679 4489 1709 4524 so

338 4559 425 4667 genlptu
445 4543 517 4664 mcii
535 4541 639 4664 lelnnep
658 4541 766 4664 hopnte,
786 4542 1010 4674 mgwissentlich
1027 4543 1148 4667 {piscthen
1162 4543 1373 4667 Behauptungen
1393 4541 1502 4666 Etrfolge
1521 4559 1552 4664 pu
1572 4543 1707 4667 eneichprr

338 4630 384 4666 suc
417 4631 457 4666 en,
516 4629 544 4665 er
575 4627 670 4666 ,oen
695 4627 752 4666 ..t
781 4632 786 4665 :
843 4629 905 4666 uare
943 4631 972 4666 ro
1011 4631 1024 4666 a
1052 4631 1066 4668 e
1101 4632 1125 4667 ur
1146 4630 1253 4668 asseren
1266 4630 1296 4681 rs,
1320 4628 1352 4666 ex
1371 4629 1484 4666 anrurs
1509 4629 1640 4666 ciromcrs
1660 4629 1709 4666 ec.

447 4691 452 4721 ¹
473 4682 536 4736 Hier
545 4629 619 4752 iiegt
639 4629 775 4752 Jedensalis
795 4683 836 4736 die
849 4631 981 4738 Mitteilun
992 4631 1008 4684 Ρ
1019 4684 1065 4738 des
1079 4683 1217 4737 Kardinals
1233 4684 1356 4754 Campeg
1377 4684 1403 4735 io
1422 4630 1453 4736 ab
1467 4681 1575 4736 Grunde
1594 4685 1626 4753 (s.
1640 4684 1708 4737 oben

339 4755 364 4810 S.
383 4757 440 4826 49),
459 4753 515 4806 dass
534 4770 596 4806 man
615 4753 642 4806 in
660 4752 782 4824 England
801 4753 880 4807 daran
901 4701 1016 4825 gedacht
1035 4754 1111 4820 habe,
1131 4754 1173 4808 die
1186 4754 1334 4808 Ptinzessin
1383 4755 1436 4806 aria
1454 4763 1530 4806 unter
1568 4753 1710 4825 fipstlicher

338 4825 387 4878 Dis
407 4840 471 4877 ense
495 4824 541 4876 mit
560 4823 700 4876 Heinrichs
725 4823 898 4878 naturlichem
924 4825 1028 4892 Sohne,
1053 4825 1161 4896 Herzog
1185 4825 1311 4878 Heinrich
1334 4841 1387 4878 von
1411 4771 1576 4891 Richmond,
1600 4842 1632 4878 zu
1652 4842 1708 4878 ver-

338 4843 461 4959 miblem
489 4893 576 4947 sicher
594 4893 656 4947 aber
680 4893 724 4947 hat
744 4895 829 4956 olcht,
849 4897 900 4948 wie
920 4894 1041 4962 Schulte,
1066 4895 1213 4950 Handbuch
1232 4895 1279 4950 des
1298 4894 1396 4949 kathol.
1416 4894 1589 4959 Eherechtes,
1613 4896 1639 4948 S.
1662 4910 1704 4965 ¹71

338 4967 419 5018 Anm.
438 4965 480 5033 63,
501 4964 617 5034 angiebt,
637 4963 719 5018 Maria
739 4965 820 5020 selbst
840 4983 884 5018 um
904 4965 976 5020 diese
997 4967 1129 5037 Dispense
1148 4966 1339 5038 nachgesucht.
