<?xml version="1.0" encoding="UTF-8"?>
<!DOCTYPE html PUBLIC "-//W3C//DTD XHTML 1.0 Transitional//EN"
    "http://www.w3.org/TR/xhtml1/DTD/xhtml1-transitional.dtd">
<html xmlns="http://www.w3.org/1999/xhtml" xml:lang="en" lang="en">
 <head>
  <title>
</title>
<meta http-equiv="Content-Type" content="text/html;charset=utf-8" />
  <meta name='ocr-system' content='tesseract 3.04.00' />
  <meta name='ocr-capabilities' content='ocr_page ocr_carea ocr_par ocr_line ocrx_word'/>
</head>
<body>
  <div class='ocr_page' id='page_1' title='image "./rmischedokument00ehsegoog_0279.png"; bbox 0 0 3796 5538; ppageno 0'>
   <div class='ocr_carea' id='block_1_1' title="bbox 321 254 1693 320">
    <p class='ocr_par' dir='ltr' id='par_1_1' title="bbox 321 254 1693 320">
     <span class='ocr_line' id='line_1_1' title="bbox 321 254 1693 320; baseline -0.004 -1"><span class='ocrx_word' id='word_1_1' title='bbox 321 254 383 315; x_wconf 70' lang='lat'><strong>225</strong></span> <span class='ocrx_word' id='word_1_2' title='bbox 1290 267 1408 320; x_wconf 85' lang='lat' dir='ltr'><strong>Diarium</strong></span> <span class='ocrx_word' id='word_1_3' title='bbox 1429 264 1505 317; x_wconf 74' lang='lat' dir='ltr'><strong>blasii</strong></span> <span class='ocrx_word' id='word_1_4' title='bbox 1525 263 1558 316; x_wconf 87' lang='lat' dir='ltr'><strong>de</strong></span> <span class='ocrx_word' id='word_1_5' title='bbox 1578 262 1693 317; x_wconf 88' lang='lat' dir='ltr'><strong>Cesena.</strong></span> 
     </span>
    </p>
   </div>
   <div class='ocr_carea' id='block_1_2' title="bbox 319 422 1699 2316">
    <p class='ocr_par' dir='ltr' id='par_1_2' title="bbox 319 422 1699 2316">
     <span class='ocr_line' id='line_1_2' title="bbox 319 422 1694 514; baseline -0.004 -21"><span class='ocrx_word' id='word_1_6' title='bbox 319 424 480 512; x_wconf 90' lang='lat' dir='ltr'><strong>publicum</strong></span> <span class='ocrx_word' id='word_1_7' title='bbox 504 424 553 492; x_wconf 92' lang='lat' dir='ltr'><strong>vel</strong></span> <span class='ocrx_word' id='word_1_8' title='bbox 577 426 748 514; x_wconf 88' lang='lat' dir='ltr'><strong>privatum,</strong></span> <span class='ocrx_word' id='word_1_9' title='bbox 773 439 804 494; x_wconf 91' lang='lat' dir='ltr'><strong>et</strong></span> <span class='ocrx_word' id='word_1_10' title='bbox 826 427 858 493; x_wconf 90' lang='lat' dir='ltr'><strong>in</strong></span> <span class='ocrx_word' id='word_1_11' title='bbox 884 439 994 508; x_wconf 90' lang='lat' dir='ltr'><strong>nocte,</strong></span> <span class='ocrx_word' id='word_1_12' title='bbox 1018 426 1090 494; x_wconf 89' lang='lat' dir='ltr'><strong>licet</strong></span> <span class='ocrx_word' id='word_1_13' title='bbox 1115 440 1197 495; x_wconf 91' lang='lat' dir='ltr'><strong>esset</strong></span> <span class='ocrx_word' id='word_1_14' title='bbox 1221 427 1400 495; x_wconf 82' lang='lat' dir='ltr'><strong>intimarunt</strong></span> <span class='ocrx_word' id='word_1_15' title='bbox 1425 422 1600 513; x_wconf 90' lang='lat' dir='ltr'><strong>publicum,</strong></span> <span class='ocrx_word' id='word_1_16' title='bbox 1625 445 1694 488; x_wconf 92' lang='lat' dir='ltr'><strong>mu-</strong></span> 
     </span>
     <span class='ocr_line' id='line_1_3' title="bbox 320 530 1694 619; baseline -0.002 -22"><span class='ocrx_word' id='word_1_17' title='bbox 320 532 396 598; x_wconf 87' lang='lat' dir='ltr'><strong>tavit</strong></span> <span class='ocrx_word' id='word_1_18' title='bbox 420 532 608 598; x_wconf 77' lang='lat' dir='ltr'><strong>sententiam</strong></span> <span class='ocrx_word' id='word_1_19' title='bbox 641 543 672 599; x_wconf 91' lang='lat' dir='ltr'><strong>et</strong></span> <span class='ocrx_word' id='word_1_20' title='bbox 696 531 834 600; x_wconf 89' lang='lat' dir='ltr'><strong>ordinari</strong></span> <span class='ocrx_word' id='word_1_21' title='bbox 858 531 931 600; x_wconf 86' lang='lat' dir='ltr'><strong>fecit</strong></span> <span class='ocrx_word' id='word_1_22' title='bbox 954 546 1112 601; x_wconf 89' lang='lat' dir='ltr'><strong>secretum</strong></span> <span class='ocrx_word' id='word_1_23' title='bbox 1137 535 1168 600; x_wconf 93' lang='lat' dir='ltr'><strong>in</strong></span> <span class='ocrx_word' id='word_1_24' title='bbox 1190 531 1253 599; x_wconf 90' lang='lat' dir='ltr'><strong>sala</strong></span> <span class='ocrx_word' id='word_1_25' title='bbox 1277 555 1392 619; x_wconf 87' lang='lat' dir='ltr'><strong>magna</strong></span> <span class='ocrx_word' id='word_1_26' title='bbox 1416 530 1569 618; x_wconf 87' lang='lat' dir='ltr'>superiori</span> <span class='ocrx_word' id='word_1_27' title='bbox 1594 551 1694 616; x_wconf 91' lang='lat' dir='ltr'><strong>penes</strong></span> 
     </span>
     <span class='ocr_line' id='line_1_4' title="bbox 321 635 1697 726; baseline -0.001 -24"><span class='ocrx_word' id='word_1_28' title='bbox 321 659 460 703; x_wconf 85' lang='lat' dir='ltr'><strong>cameras</strong></span> <span class='ocrx_word' id='word_1_29' title='bbox 488 659 558 704; x_wconf 93' lang='lat' dir='ltr'><strong>suas</strong></span> <span class='ocrx_word' id='word_1_30' title='bbox 583 635 794 720; x_wconf 90' lang='lat' dir='ltr'><strong>cubicularias,</strong></span> <span class='ocrx_word' id='word_1_31' title='bbox 826 658 857 706; x_wconf 89' lang='lat' dir='ltr'><strong>et</strong></span> <span class='ocrx_word' id='word_1_32' title='bbox 881 638 959 705; x_wconf 89' lang='lat' dir='ltr'><strong>bora</strong></span> <span class='ocrx_word' id='word_1_33' title='bbox 987 640 1182 726; x_wconf 88' lang='lat' dir='ltr'><strong>competenti</strong></span> <span class='ocrx_word' id='word_1_34' title='bbox 1207 650 1238 705; x_wconf 89' lang='lat' dir='ltr'><strong>et</strong></span> <span class='ocrx_word' id='word_1_35' title='bbox 1261 637 1438 705; x_wconf 89' lang='lat' dir='ltr'><strong>oratoribus</strong></span> <span class='ocrx_word' id='word_1_36' title='bbox 1462 635 1617 716; x_wconf 85' lang='lat' dir='ltr'><strong>Caesaris,</strong></span> <span class='ocrx_word' id='word_1_37' title='bbox 1641 635 1697 723; x_wconf 90' lang='lat' dir='ltr'><strong>qui</strong></span> 
     </span>
     <span class='ocr_line' id='line_1_5' title="bbox 321 741 1694 832; baseline -0.001 -24"><span class='ocrx_word' id='word_1_38' title='bbox 321 741 476 810; x_wconf 84' lang='lat' dir='ltr'><strong>instabant</strong></span> <span class='ocrx_word' id='word_1_39' title='bbox 499 765 557 830; x_wconf 92' lang='lat' dir='ltr'><strong>pro</strong></span> <span class='ocrx_word' id='word_1_40' title='bbox 582 744 690 831; x_wconf 90' lang='lat' dir='ltr'><strong>regina</strong></span> <span class='ocrx_word' id='word_1_41' title='bbox 713 765 825 812; x_wconf 89' lang='lat' dir='ltr'><strong>sorore</strong></span> <span class='ocrx_word' id='word_1_42' title='bbox 847 742 892 832; x_wconf 92' lang='lat'><strong>(!)</strong></span> <span class='ocrx_word' id='word_1_43' title='bbox 916 745 1119 832; x_wconf 88' lang='lat' dir='ltr'><strong>Imperatoris</strong></span> <span class='ocrx_word' id='word_1_44' title='bbox 1144 757 1255 812; x_wconf 91' lang='lat' dir='ltr'><strong>contra</strong></span> <span class='ocrx_word' id='word_1_45' title='bbox 1278 766 1389 832; x_wconf 86' lang='lat' dir='ltr'><strong>regern</strong></span> <span class='ocrx_word' id='word_1_46' title='bbox 1406 741 1549 829; x_wconf 80' lang='lat' dir='ltr'><strong>Angliae,</strong></span> <span class='ocrx_word' id='word_1_47' title='bbox 1572 741 1694 808; x_wconf 87' lang='lat' dir='ltr'><strong>vocatis</strong></span> 
     </span>
     <span class='ocr_line' id='line_1_6' title="bbox 320 845 1696 938; baseline -0.003 -22"><span class='ocrx_word' id='word_1_48' title='bbox 320 871 337 916; x_wconf 93' lang='lat' dir='ltr'><strong>a</strong></span> <span class='ocrx_word' id='word_1_49' title='bbox 361 848 443 938; x_wconf 88' lang='lat' dir='ltr'><strong>Papa</strong></span> <span class='ocrx_word' id='word_1_50' title='bbox 467 851 498 916; x_wconf 92' lang='lat' dir='ltr'><strong>in</strong></span> <span class='ocrx_word' id='word_1_51' title='bbox 522 850 712 917; x_wconf 83' lang='lat' dir='ltr'><strong>anticamera</strong></span> <span class='ocrx_word' id='word_1_52' title='bbox 735 873 800 932; x_wconf 88' lang='lat' dir='ltr'><strong>sua,</strong></span> <span class='ocrx_word' id='word_1_53' title='bbox 825 861 990 938; x_wconf 87' lang='lat' dir='ltr'><strong>praesente</strong></span> <span class='ocrx_word' id='word_1_54' title='bbox 1007 851 1103 919; x_wconf 89' lang='lat' dir='ltr'><strong>Rmo.</strong></span> <span class='ocrx_word' id='word_1_55' title='bbox 1120 850 1207 918; x_wconf 92' lang='lat' dir='ltr'><strong>Dno.</strong></span> <span class='ocrx_word' id='word_1_56' title='bbox 1233 847 1380 918; x_wconf 84' lang='lat' dir='ltr'><strong>cardinali</strong></span> <span class='ocrx_word' id='word_1_57' title='bbox 1403 848 1442 917; x_wconf 91' lang='lat' dir='ltr'><strong>de</strong></span> <span class='ocrx_word' id='word_1_58' title='bbox 1458 849 1572 915; x_wconf 90' lang='lat' dir='ltr'><strong>Monte</strong></span> <span class='ocrx_word' id='word_1_59' title='bbox 1596 845 1696 913; x_wconf 87' lang='lat' dir='ltr'><strong>multa</strong></span> 
     </span>
     <span class='ocr_line' id='line_1_7' title="bbox 321 953 1696 1046; baseline -0.001 -25"><span class='ocrx_word' id='word_1_60' title='bbox 321 953 415 1022; x_wconf 89' lang='lat' dir='ltr'><strong>verba</strong></span> <span class='ocrx_word' id='word_1_61' title='bbox 437 954 581 1024; x_wconf 86' lang='lat' dir='ltr'><strong>fecerunt</strong></span> <span class='ocrx_word' id='word_1_62' title='bbox 604 979 677 1023; x_wconf 90' lang='lat' dir='ltr'><strong>cum</strong></span> <span class='ocrx_word' id='word_1_63' title='bbox 701 955 784 1044; x_wconf 93' lang='lat' dir='ltr'><strong>Papa</strong></span> <span class='ocrx_word' id='word_1_64' title='bbox 808 967 839 1024; x_wconf 90' lang='lat' dir='ltr'><strong>et</strong></span> <span class='ocrx_word' id='word_1_65' title='bbox 861 955 1009 1024; x_wconf 83' lang='lat' dir='ltr'><strong>cardinali</strong></span> <span class='ocrx_word' id='word_1_66' title='bbox 1037 957 1209 1045; x_wconf 90' lang='lat' dir='ltr'><strong>praedicto,</strong></span> <span class='ocrx_word' id='word_1_67' title='bbox 1239 955 1327 1046; x_wconf 92' lang='lat' dir='ltr'><strong>quod</strong></span> <span class='ocrx_word' id='word_1_68' title='bbox 1350 979 1405 1024; x_wconf 85' lang='lat' dir='ltr'><strong>rex</strong></span> <span class='ocrx_word' id='word_1_69' title='bbox 1427 954 1561 1042; x_wconf 84' lang='lat' dir='ltr'><strong>Angliae</strong></span> <span class='ocrx_word' id='word_1_70' title='bbox 1590 976 1696 1041; x_wconf 90' lang='lat' dir='ltr'><strong>neque</strong></span> 
     </span>
     <span class='ocr_line' id='line_1_8' title="bbox 321 1060 1695 1153; baseline -0.002 -25"><span class='ocrx_word' id='word_1_71' title='bbox 321 1063 387 1130; x_wconf 88' lang='lat' dir='ltr'><strong>eius</strong></span> <span class='ocrx_word' id='word_1_72' title='bbox 412 1080 554 1130; x_wconf 88' lang='lat' dir='ltr'><strong>oratores</strong></span> <span class='ocrx_word' id='word_1_73' title='bbox 579 1061 628 1129; x_wconf 92' lang='lat' dir='ltr'><strong>vel</strong></span> <span class='ocrx_word' id='word_1_74' title='bbox 652 1081 854 1130; x_wconf 89' lang='lat' dir='ltr'><strong>excusatores</strong></span> <span class='ocrx_word' id='word_1_75' title='bbox 877 1063 1129 1145; x_wconf 85' lang='lat' dir='ltr'><strong>admitterentur,</strong></span> <span class='ocrx_word' id='word_1_76' title='bbox 1153 1065 1207 1153; x_wconf 92' lang='lat' dir='ltr'><strong>qui</strong></span> <span class='ocrx_word' id='word_1_77' title='bbox 1223 1087 1278 1152; x_wconf 91' lang='lat' dir='ltr'><strong>per</strong></span> <span class='ocrx_word' id='word_1_78' title='bbox 1302 1061 1436 1130; x_wconf 91' lang='lat' dir='ltr'><strong>modum</strong></span> <span class='ocrx_word' id='word_1_79' title='bbox 1460 1060 1695 1128; x_wconf 89' lang='lat' dir='ltr'><strong>resolutionum</strong></span> 
     </span>
     <span class='ocr_line' id='line_1_9' title="bbox 321 1165 1696 1258; baseline -0.002 -24"><span class='ocrx_word' id='word_1_80' title='bbox 321 1181 493 1255; x_wconf 88' lang='lat' dir='ltr'><strong>posuerant</strong></span> <span class='ocrx_word' id='word_1_81' title='bbox 521 1166 764 1236; x_wconf 81' lang='lat' dir='ltr'><strong>informationes</strong></span> <span class='ocrx_word' id='word_1_82' title='bbox 794 1192 864 1236; x_wconf 88' lang='lat' dir='ltr'><strong>suas</strong></span> <span class='ocrx_word' id='word_1_83' title='bbox 896 1167 935 1236; x_wconf 91' lang='lat' dir='ltr'><strong>ad</strong></span> <span class='ocrx_word' id='word_1_84' title='bbox 962 1168 1187 1258; x_wconf 89' lang='lat' dir='ltr'><strong>disputandum</strong></span> <span class='ocrx_word' id='word_1_85' title='bbox 1216 1188 1247 1237; x_wconf 88' lang='lat' dir='ltr'><strong>et</strong></span> <span class='ocrx_word' id='word_1_86' title='bbox 1277 1165 1518 1256; x_wconf 88' lang='lat' dir='ltr'><strong>disceptandum</strong></span> <span class='ocrx_word' id='word_1_87' title='bbox 1549 1167 1696 1232; x_wconf 89' lang='lat' dir='ltr'><strong>materias</strong></span> 
     </span>
     <span class='ocr_line' id='line_1_10' title="bbox 321 1272 1696 1363; baseline -0.002 -23"><span class='ocrx_word' id='word_1_88' title='bbox 321 1297 402 1340; x_wconf 80' lang='lat' dir='ltr'><strong>suaa.</strong></span> <span class='ocrx_word' id='word_1_89' title='bbox 449 1273 526 1342; x_wconf 93' lang='lat' dir='ltr'><strong>Post</strong></span> <span class='ocrx_word' id='word_1_90' title='bbox 553 1275 631 1342; x_wconf 88' lang='lat' dir='ltr'><strong>istos</strong></span> <span class='ocrx_word' id='word_1_91' title='bbox 656 1276 759 1343; x_wconf 87' lang='lat' dir='ltr'><strong>vocati</strong></span> <span class='ocrx_word' id='word_1_92' title='bbox 783 1272 908 1344; x_wconf 89' lang='lat' dir='ltr'><strong>luerunt</strong></span> <span class='ocrx_word' id='word_1_93' title='bbox 937 1287 1079 1344; x_wconf 92' lang='lat' dir='ltr'><strong>oratores</strong></span> <span class='ocrx_word' id='word_1_94' title='bbox 1103 1275 1237 1363; x_wconf 81' lang='lat' dir='ltr'><strong>Angliae</strong></span> <span class='ocrx_word' id='word_1_95' title='bbox 1261 1275 1363 1342; x_wconf 91' lang='lat' dir='ltr'><strong>Dnus.</strong></span> <span class='ocrx_word' id='word_1_96' title='bbox 1393 1273 1517 1342; x_wconf 87' lang='lat' dir='ltr'><strong>auditor</strong></span> <span class='ocrx_word' id='word_1_97' title='bbox 1541 1294 1696 1353; x_wconf 87' lang='lat' dir='ltr'><strong>camerae,</strong></span> 
     </span>
     <span class='ocr_line' id='line_1_11' title="bbox 323 1375 1697 1471; baseline -0.001 -26"><span class='ocrx_word' id='word_1_98' title='bbox 323 1380 559 1468; x_wconf 87' lang='lat' dir='ltr'><strong>Wigorniensis</strong></span> <span class='ocrx_word' id='word_1_99' title='bbox 582 1383 761 1469; x_wconf 89' lang='lat' dir='ltr'><strong>episcopus,</strong></span> <span class='ocrx_word' id='word_1_100' title='bbox 785 1393 816 1448; x_wconf 91' lang='lat' dir='ltr'><strong>et</strong></span> <span class='ocrx_word' id='word_1_101' title='bbox 840 1379 931 1448; x_wconf 91' lang='lat' dir='ltr'><strong>miles</strong></span> <span class='ocrx_word' id='word_1_102' title='bbox 955 1381 993 1450; x_wconf 91' lang='lat' dir='ltr'><strong>de</strong></span> <span class='ocrx_word' id='word_1_103' title='bbox 1018 1381 1190 1465; x_wconf 86' lang='lat' dir='ltr'><strong>Casalibus,</strong></span> <span class='ocrx_word' id='word_1_104' title='bbox 1213 1382 1267 1471; x_wconf 92' lang='lat' dir='ltr'><strong>qui</strong></span> <span class='ocrx_word' id='word_1_105' title='bbox 1292 1379 1393 1450; x_wconf 92' lang='lat' dir='ltr'><strong>multo</strong></span> <span class='ocrx_word' id='word_1_106' title='bbox 1417 1379 1505 1469; x_wconf 91' lang='lat' dir='ltr'><strong>plura</strong></span> <span class='ocrx_word' id='word_1_107' title='bbox 1528 1377 1624 1445; x_wconf 88' lang='lat' dir='ltr'><strong>verba</strong></span> <span class='ocrx_word' id='word_1_108' title='bbox 1652 1375 1697 1444; x_wconf 81' lang='lat' dir='ltr'><strong>le·</strong></span> 
     </span>
     <span class='ocr_line' id='line_1_12' title="bbox 322 1483 1697 1578; baseline -0.003 -24"><span class='ocrx_word' id='word_1_109' title='bbox 322 1499 433 1555; x_wconf 87' lang='lat' dir='ltr'><strong>cerunt</strong></span> <span class='ocrx_word' id='word_1_110' title='bbox 456 1511 549 1575; x_wconf 91' lang='lat' dir='ltr'><strong>super</strong></span> <span class='ocrx_word' id='word_1_111' title='bbox 565 1511 616 1568; x_wconf 91' lang='lat' dir='ltr'><strong>eo,</strong></span> <span class='ocrx_word' id='word_1_112' title='bbox 641 1486 728 1578; x_wconf 92' lang='lat' dir='ltr'><strong>quod</strong></span> <span class='ocrx_word' id='word_1_113' title='bbox 744 1487 893 1555; x_wconf 88' lang='lat' dir='ltr'><strong>volebant</strong></span> <span class='ocrx_word' id='word_1_114' title='bbox 916 1486 1015 1556; x_wconf 92' lang='lat' dir='ltr'><strong>audiri</strong></span> <span class='ocrx_word' id='word_1_115' title='bbox 1039 1511 1152 1556; x_wconf 89' lang='lat' dir='ltr'><strong>eorum</strong></span> <span class='ocrx_word' id='word_1_116' title='bbox 1176 1487 1348 1556; x_wconf 89' lang='lat' dir='ltr'><strong>advocatos</strong></span> <span class='ocrx_word' id='word_1_117' title='bbox 1372 1500 1404 1554; x_wconf 89' lang='lat' dir='ltr'><strong>et</strong></span> <span class='ocrx_word' id='word_1_118' title='bbox 1427 1483 1587 1575; x_wconf 89' lang='lat' dir='ltr'><strong>quendam</strong></span> <span class='ocrx_word' id='word_1_119' title='bbox 1604 1507 1697 1551; x_wconf 85' lang='lat' dir='ltr'><strong>excu-</strong></span> 
     </span>
     <span class='ocr_line' id='line_1_13' title="bbox 322 1593 1698 1685; baseline -0.002 -26"><span class='ocrx_word' id='word_1_120' title='bbox 322 1606 461 1660; x_wconf 87' lang='lat' dir='ltr'><strong>satorem</strong></span> <span class='ocrx_word' id='word_1_121' title='bbox 485 1595 568 1682; x_wconf 87' lang='lat' dir='ltr'><strong>regis</strong></span> <span class='ocrx_word' id='word_1_122' title='bbox 590 1606 753 1683; x_wconf 87' lang='lat' dir='ltr'><strong>tamquam</strong></span> <span class='ocrx_word' id='word_1_123' title='bbox 780 1617 880 1661; x_wconf 89' lang='lat' dir='ltr'><strong>unum</strong></span> <span class='ocrx_word' id='word_1_124' title='bbox 905 1593 944 1662; x_wconf 92' lang='lat' dir='ltr'><strong>de</strong></span> <span class='ocrx_word' id='word_1_125' title='bbox 967 1593 1098 1684; x_wconf 89' lang='lat' dir='ltr'><strong>populo,</strong></span> <span class='ocrx_word' id='word_1_126' title='bbox 1127 1593 1214 1685; x_wconf 90' lang='lat' dir='ltr'><strong>quod</strong></span> <span class='ocrx_word' id='word_1_127' title='bbox 1237 1616 1291 1660; x_wconf 87' lang='lat' dir='ltr'><strong>rex</strong></span> <span class='ocrx_word' id='word_1_128' title='bbox 1321 1615 1387 1660; x_wconf 91' lang='lat' dir='ltr'><strong>non</strong></span> <span class='ocrx_word' id='word_1_129' title='bbox 1418 1602 1580 1659; x_wconf 90' lang='lat' dir='ltr'><strong>teneretur</strong></span> <span class='ocrx_word' id='word_1_130' title='bbox 1608 1613 1698 1657; x_wconf 92' lang='lat' dir='ltr'><strong>com-</strong></span> 
     </span>
     <span class='ocr_line' id='line_1_14' title="bbox 322 1697 1696 1789; baseline -0.001 -24"><span class='ocrx_word' id='word_1_131' title='bbox 322 1720 431 1786; x_wconf 88' lang='lat' dir='ltr'><strong>parere</strong></span> <span class='ocrx_word' id='word_1_132' title='bbox 455 1722 567 1787; x_wconf 88' lang='lat' dir='ltr'><strong>perse</strong></span> <span class='ocrx_word' id='word_1_133' title='bbox 591 1698 641 1766; x_wconf 88' lang='lat' dir='ltr'><strong>vel</strong></span> <span class='ocrx_word' id='word_1_134' title='bbox 663 1723 720 1787; x_wconf 92' lang='lat' dir='ltr'><strong>per</strong></span> <span class='ocrx_word' id='word_1_135' title='bbox 748 1712 1004 1789; x_wconf 88' lang='lat' dir='ltr'><strong>procuratorem,</strong></span> <span class='ocrx_word' id='word_1_136' title='bbox 1034 1723 1071 1766; x_wconf 87' lang='lat' dir='ltr'><strong>ex</strong></span> <span class='ocrx_word' id='word_1_137' title='bbox 1095 1723 1160 1789; x_wconf 94' lang='lat' dir='ltr'><strong>quo</strong></span> <span class='ocrx_word' id='word_1_138' title='bbox 1184 1697 1373 1788; x_wconf 88' lang='lat' dir='ltr'><strong>allegabatur</strong></span> <span class='ocrx_word' id='word_1_139' title='bbox 1396 1697 1484 1764; x_wconf 92' lang='lat' dir='ltr'><strong>locus</strong></span> <span class='ocrx_word' id='word_1_140' title='bbox 1508 1719 1576 1764; x_wconf 91' lang='lat' dir='ltr'><strong>non</strong></span> <span class='ocrx_word' id='word_1_141' title='bbox 1600 1707 1696 1764; x_wconf 91' lang='lat' dir='ltr'><strong>tutus.</strong></span> 
     </span>
     <span class='ocr_line' id='line_1_15' title="bbox 322 1801 1698 1894; baseline -0.001 -23"><span class='ocrx_word' id='word_1_142' title='bbox 322 1803 423 1891; x_wconf 85' lang='lat' dir='ltr'><strong>Super</strong></span> <span class='ocrx_word' id='word_1_143' title='bbox 444 1805 492 1871; x_wconf 92' lang='lat' dir='ltr'><strong>his</strong></span> <span class='ocrx_word' id='word_1_144' title='bbox 515 1803 753 1892; x_wconf 84' lang='lat' dir='ltr'><strong>allegationibus</strong></span> <span class='ocrx_word' id='word_1_145' title='bbox 770 1806 852 1894; x_wconf 91' lang='lat' dir='ltr'><strong>Papa</strong></span> <span class='ocrx_word' id='word_1_146' title='bbox 875 1819 949 1894; x_wconf 92' lang='lat' dir='ltr'><strong>post</strong></span> <span class='ocrx_word' id='word_1_147' title='bbox 971 1806 1084 1893; x_wconf 90' lang='lat' dir='ltr'><strong>longas</strong></span> <span class='ocrx_word' id='word_1_148' title='bbox 1101 1807 1337 1886; x_wconf 89' lang='lat' dir='ltr'><strong>contentiones,</strong></span> <span class='ocrx_word' id='word_1_149' title='bbox 1360 1803 1498 1871; x_wconf 89' lang='lat' dir='ltr'><strong>dimissis</strong></span> <span class='ocrx_word' id='word_1_150' title='bbox 1519 1801 1698 1870; x_wconf 90' lang='lat' dir='ltr'><strong>oratoribus</strong></span> 
     </span>
     <span class='ocr_line' id='line_1_16' title="bbox 323 1908 1699 1998; baseline -0.001 -22"><span class='ocrx_word' id='word_1_151' title='bbox 323 1908 457 1998; x_wconf 81' lang='lat' dir='ltr'><strong>Angliae</strong></span> <span class='ocrx_word' id='word_1_152' title='bbox 480 1923 604 1998; x_wconf 89' lang='lat' dir='ltr'><strong>sumpta</strong></span> <span class='ocrx_word' id='word_1_153' title='bbox 628 1911 707 1979; x_wconf 88' lang='lat' dir='ltr'><strong>stola</strong></span> <span class='ocrx_word' id='word_1_154' title='bbox 731 1913 860 1981; x_wconf 90' lang='lat' dir='ltr'><strong>aRm0.</strong></span> <span class='ocrx_word' id='word_1_155' title='bbox 885 1910 1033 1980; x_wconf 88' lang='lat' dir='ltr'><strong>cardinali</strong></span> <span class='ocrx_word' id='word_1_156' title='bbox 1056 1912 1095 1981; x_wconf 88' lang='lat' dir='ltr'><strong>de</strong></span> <span class='ocrx_word' id='word_1_157' title='bbox 1119 1911 1271 1980; x_wconf 88' lang='lat' dir='ltr'><strong>Medicis¹</strong></span> <span class='ocrx_word' id='word_1_158' title='bbox 1294 1911 1381 1978; x_wconf 90' lang='lat' dir='ltr'><strong>venit</strong></span> <span class='ocrx_word' id='word_1_159' title='bbox 1405 1911 1437 1976; x_wconf 93' lang='lat' dir='ltr'><strong>in</strong></span> <span class='ocrx_word' id='word_1_160' title='bbox 1461 1909 1568 1977; x_wconf 91' lang='lat' dir='ltr'><strong>locum</strong></span> <span class='ocrx_word' id='word_1_161' title='bbox 1593 1911 1699 1976; x_wconf 88' lang='lat' dir='ltr'><strong>consi·</strong></span> 
     </span>
     <span class='ocr_line' id='line_1_17' title="bbox 323 2013 1699 2108; baseline 0 -26"><span class='ocrx_word' id='word_1_162' title='bbox 323 2017 422 2098; x_wconf 91' lang='lat' dir='ltr'><strong>storii,</strong></span> <span class='ocrx_word' id='word_1_163' title='bbox 447 2018 532 2106; x_wconf 91' lang='lat' dir='ltr'><strong>prius</strong></span> <span class='ocrx_word' id='word_1_164' title='bbox 560 2017 695 2106; x_wconf 90' lang='lat' dir='ltr'><strong>expulsis</strong></span> <span class='ocrx_word' id='word_1_165' title='bbox 719 2017 868 2086; x_wconf 90' lang='lat' dir='ltr'><strong>omnibus</strong></span> <span class='ocrx_word' id='word_1_166' title='bbox 891 2018 956 2086; x_wconf 87' lang='lat' dir='ltr'><strong>fere</strong></span> <span class='ocrx_word' id='word_1_167' title='bbox 973 2018 1127 2108; x_wconf 90' lang='lat' dir='ltr'><strong>praelatis,</strong></span> <span class='ocrx_word' id='word_1_168' title='bbox 1150 2016 1345 2087; x_wconf 89' lang='lat' dir='ltr'><strong>auditoribus</strong></span> <span class='ocrx_word' id='word_1_169' title='bbox 1362 2019 1474 2098; x_wconf 89' lang='lat' dir='ltr'><strong>Rotae,</strong></span> <span class='ocrx_word' id='word_1_170' title='bbox 1498 2014 1606 2084; x_wconf 91' lang='lat' dir='ltr'><strong>multis</strong></span> <span class='ocrx_word' id='word_1_171' title='bbox 1622 2013 1699 2082; x_wconf 90' lang='lat' dir='ltr'><strong>doc-</strong></span> 
     </span>
     <span class='ocr_line' id='line_1_18' title="bbox 323 2119 1698 2214; baseline -0.001 -25"><span class='ocrx_word' id='word_1_172' title='bbox 323 2121 443 2189; x_wconf 91' lang='lat' dir='ltr'><strong>toribus</strong></span> <span class='ocrx_word' id='word_1_173' title='bbox 475 2135 506 2190; x_wconf 89' lang='lat' dir='ltr'><strong>et</strong></span> <span class='ocrx_word' id='word_1_174' title='bbox 534 2123 712 2205; x_wconf 88' lang='lat' dir='ltr'><strong>curialibus,</strong></span> <span class='ocrx_word' id='word_1_175' title='bbox 740 2124 794 2214; x_wconf 90' lang='lat' dir='ltr'><strong>qui</strong></span> <span class='ocrx_word' id='word_1_176' title='bbox 817 2137 971 2192; x_wconf 88' lang='lat' dir='ltr'><strong>venerant</strong></span> <span class='ocrx_word' id='word_1_177' title='bbox 1002 2125 1233 2206; x_wconf 82' lang='lat' dir='ltr'><strong>existimantes,</strong></span> <span class='ocrx_word' id='word_1_178' title='bbox 1262 2124 1489 2191; x_wconf 90' lang='lat' dir='ltr'><strong>consistorium</strong></span> <span class='ocrx_word' id='word_1_179' title='bbox 1517 2119 1601 2190; x_wconf 88' lang='lat' dir='ltr'><strong>istud</strong></span> <span class='ocrx_word' id='word_1_180' title='bbox 1628 2120 1698 2188; x_wconf 85' lang='lat' dir='ltr'><strong>fore</strong></span> 
     </span>
     <span class='ocr_line' id='line_1_19' title="bbox 324 2228 691 2316; baseline 0 -20"><span class='ocrx_word' id='word_1_181' title='bbox 324 2228 482 2316; x_wconf 91' lang='lat' dir='ltr'><strong>publicum</strong></span> <span class='ocrx_word' id='word_1_182' title='bbox 486 2282 691 2298; x_wconf 92' lang='grc'><strong>.......</strong></span> 
     </span>
    </p>
   </div>
   <div class='ocr_carea' id='block_1_3' title="bbox 325 2352 1701 3588">
    <p class='ocr_par' dir='ltr' id='par_1_3' title="bbox 325 2352 1701 3588">
     <span class='ocr_line' id='line_1_20' title="bbox 430 2352 1699 2442; baseline -0.002 -23"><span class='ocrx_word' id='word_1_183' title='bbox 430 2353 506 2420; x_wconf 88' lang='lat' dir='ltr'><strong>Post</strong></span> <span class='ocrx_word' id='word_1_184' title='bbox 529 2352 659 2440; x_wconf 86' lang='lat' dir='ltr'><strong>longam</strong></span> <span class='ocrx_word' id='word_1_185' title='bbox 685 2377 807 2421; x_wconf 91' lang='lat' dir='ltr'><strong>moram</strong></span> <span class='ocrx_word' id='word_1_186' title='bbox 833 2355 937 2422; x_wconf 84' lang='lat' dir='ltr'><strong>vocati</strong></span> <span class='ocrx_word' id='word_1_187' title='bbox 961 2368 1104 2422; x_wconf 89' lang='lat' dir='ltr'><strong>oratores</strong></span> <span class='ocrx_word' id='word_1_188' title='bbox 1127 2355 1274 2442; x_wconf 88' lang='lat' dir='ltr'><strong>partium,</strong></span> <span class='ocrx_word' id='word_1_189' title='bbox 1298 2352 1452 2434; x_wconf 89' lang='lat' dir='ltr'><strong>advocati,</strong></span> <span class='ocrx_word' id='word_1_190' title='bbox 1475 2371 1699 2439; x_wconf 90' lang='lat' dir='ltr'><strong>procuratores</strong></span> 
     </span>
     <span class='ocr_line' id='line_1_21' title="bbox 325 2455 1699 2548; baseline -0.001 -24"><span class='ocrx_word' id='word_1_191' title='bbox 325 2479 475 2526; x_wconf 91' lang='lat' dir='ltr'><strong>necnon</strong></span> <span class='ocrx_word' id='word_1_192' title='bbox 502 2458 629 2546; x_wconf 89' lang='lat' dir='ltr'><strong>praelati</strong></span> <span class='ocrx_word' id='word_1_193' title='bbox 658 2471 689 2527; x_wconf 89' lang='lat' dir='ltr'><strong>et</strong></span> <span class='ocrx_word' id='word_1_194' title='bbox 712 2459 761 2526; x_wconf 90' lang='lat' dir='ltr'><strong>alii</strong></span> <span class='ocrx_word' id='word_1_195' title='bbox 791 2461 1022 2548; x_wconf 89' lang='lat' dir='ltr'><strong>praenominati</strong></span> <span class='ocrx_word' id='word_1_196' title='bbox 1050 2462 1260 2542; x_wconf 89' lang='lat' dir='ltr'><strong>intraverunt,</strong></span> <span class='ocrx_word' id='word_1_197' title='bbox 1291 2473 1322 2527; x_wconf 89' lang='lat' dir='ltr'><strong>et</strong></span> <span class='ocrx_word' id='word_1_198' title='bbox 1351 2459 1451 2526; x_wconf 93' lang='lat' dir='ltr'><strong>Dnus.</strong></span> <span class='ocrx_word' id='word_1_199' title='bbox 1476 2455 1699 2546; x_wconf 88' lang='lat' dir='ltr'><strong>Sigismundus</strong></span> 
     </span>
     <span class='ocr_line' id='line_1_22' title="bbox 325 2562 1698 2656; baseline -0.001 -25"><span class='ocrx_word' id='word_1_200' title='bbox 325 2562 474 2632; x_wconf 90' lang='lat' dir='ltr'><strong>Gondula</strong></span> <span class='ocrx_word' id='word_1_201' title='bbox 497 2565 647 2632; x_wconf 90' lang='lat' dir='ltr'><strong>Senensis</strong></span> <span class='ocrx_word' id='word_1_202' title='bbox 670 2564 841 2634; x_wconf 89' lang='lat' dir='ltr'><strong>advocatus</strong></span> <span class='ocrx_word' id='word_1_203' title='bbox 865 2569 971 2654; x_wconf 92' lang='lat' dir='ltr'><strong>coepit</strong></span> <span class='ocrx_word' id='word_1_204' title='bbox 994 2567 1098 2656; x_wconf 86' lang='lat' dir='ltr'><strong>primo</strong></span> <span class='ocrx_word' id='word_1_205' title='bbox 1122 2589 1211 2634; x_wconf 90' lang='lat' dir='ltr'><strong>suam</strong></span> <span class='ocrx_word' id='word_1_206' title='bbox 1236 2566 1507 2654; x_wconf 91' lang='lat' dir='ltr'><strong>propositionem,</strong></span> <span class='ocrx_word' id='word_1_207' title='bbox 1531 2562 1698 2652; x_wconf 87' lang='lat' dir='ltr'><strong>allegando</strong></span> 
     </span>
     <span class='ocr_line' id='line_1_23' title="bbox 325 2668 1699 2761; baseline 0 -25"><span class='ocrx_word' id='word_1_208' title='bbox 325 2694 392 2737; x_wconf 92' lang='lat' dir='ltr'><strong>non</strong></span> <span class='ocrx_word' id='word_1_209' title='bbox 415 2684 519 2738; x_wconf 91' lang='lat' dir='ltr'><strong>tutum</strong></span> <span class='ocrx_word' id='word_1_210' title='bbox 544 2695 706 2740; x_wconf 90' lang='lat' dir='ltr'><strong>accessum</strong></span> <span class='ocrx_word' id='word_1_211' title='bbox 730 2673 768 2742; x_wconf 88' lang='lat' dir='ltr'><strong>ad</strong></span> <span class='ocrx_word' id='word_1_212' title='bbox 792 2676 910 2741; x_wconf 90' lang='lat' dir='ltr'><strong>curiam</strong></span> <span class='ocrx_word' id='word_1_213' title='bbox 935 2673 1129 2756; x_wconf 88' lang='lat' dir='ltr'><strong>Romanam,</strong></span> <span class='ocrx_word' id='word_1_214' title='bbox 1154 2674 1186 2740; x_wconf 95' lang='lat' dir='ltr'><strong>in</strong></span> <span class='ocrx_word' id='word_1_215' title='bbox 1210 2697 1271 2761; x_wconf 93' lang='lat' dir='ltr'><strong>qua</strong></span> <span class='ocrx_word' id='word_1_216' title='bbox 1295 2683 1361 2739; x_wconf 89' lang='lat' dir='ltr'><strong>erat</strong></span> <span class='ocrx_word' id='word_1_217' title='bbox 1384 2673 1495 2738; x_wconf 89' lang='lat' dir='ltr'><strong>citatus</strong></span> <span class='ocrx_word' id='word_1_218' title='bbox 1518 2668 1558 2736; x_wconf 94' lang='lat' dir='ltr'><strong>ad</strong></span> <span class='ocrx_word' id='word_1_219' title='bbox 1581 2671 1699 2737; x_wconf 88' lang='lat' dir='ltr'><strong>instan-</strong></span> 
     </span>
     <span class='ocr_line' id='line_1_24' title="bbox 325 2777 1699 2868; baseline -0.001 -23"><span class='ocrx_word' id='word_1_220' title='bbox 325 2777 399 2845; x_wconf 91' lang='lat' dir='ltr'><strong>tiam</strong></span> <span class='ocrx_word' id='word_1_221' title='bbox 429 2779 572 2864; x_wconf 87' lang='lat' dir='ltr'><strong>reginae‚</strong></span> <span class='ocrx_word' id='word_1_222' title='bbox 601 2797 633 2846; x_wconf 93' lang='lat' dir='ltr'><strong>et</strong></span> <span class='ocrx_word' id='word_1_223' title='bbox 662 2801 728 2845; x_wconf 94' lang='lat' dir='ltr'><strong>non</strong></span> <span class='ocrx_word' id='word_1_224' title='bbox 757 2778 861 2846; x_wconf 92' lang='lat' dir='ltr'><strong>solum</strong></span> <span class='ocrx_word' id='word_1_225' title='bbox 891 2779 1107 2868; x_wconf 89' lang='lat' dir='ltr'><strong>personaliter,</strong></span> <span class='ocrx_word' id='word_1_226' title='bbox 1137 2778 1192 2848; x_wconf 89' lang='lat' dir='ltr'><strong>sed</strong></span> <span class='ocrx_word' id='word_1_227' title='bbox 1222 2801 1281 2846; x_wconf 89' lang='lat' dir='ltr'><strong>nec</strong></span> <span class='ocrx_word' id='word_1_228' title='bbox 1310 2801 1366 2866; x_wconf 90' lang='lat' dir='ltr'><strong>per</strong></span> <span class='ocrx_word' id='word_1_229' title='bbox 1394 2787 1634 2865; x_wconf 90' lang='lat' dir='ltr'><strong>procuratores;</strong></span> <span class='ocrx_word' id='word_1_230' title='bbox 1667 2788 1699 2843; x_wconf 91' lang='lat' dir='ltr'><strong>et</strong></span> 
     </span>
     <span class='ocr_line' id='line_1_25' title="bbox 326 2880 1698 2973; baseline -0.001 -25"><span class='ocrx_word' id='word_1_231' title='bbox 326 2906 406 2949; x_wconf 92' lang='lat' dir='ltr'><strong>unus</strong></span> <span class='ocrx_word' id='word_1_232' title='bbox 430 2881 469 2950; x_wconf 91' lang='lat' dir='ltr'><strong>de</strong></span> <span class='ocrx_word' id='word_1_233' title='bbox 494 2883 613 2973; x_wconf 94' lang='lat' dir='ltr'><strong>populo</strong></span> <span class='ocrx_word' id='word_1_234' title='bbox 638 2907 696 2972; x_wconf 89' lang='lat' dir='ltr'><strong>pro</strong></span> <span class='ocrx_word' id='word_1_235' title='bbox 721 2885 872 2953; x_wconf 91' lang='lat' dir='ltr'><strong>interesse</strong></span> <span class='ocrx_word' id='word_1_236' title='bbox 901 2887 990 2973; x_wconf 90' lang='lat' dir='ltr'><strong>regni</strong></span> <span class='ocrx_word' id='word_1_237' title='bbox 1014 2897 1143 2953; x_wconf 90' lang='lat' dir='ltr'><strong>venerat</strong></span> <span class='ocrx_word' id='word_1_238' title='bbox 1168 2902 1343 2966; x_wconf 86' lang='lat' dir='ltr'><strong>excusator,</strong></span> <span class='ocrx_word' id='word_1_239' title='bbox 1374 2884 1427 2972; x_wconf 94' lang='lat' dir='ltr'><strong>qui</strong></span> <span class='ocrx_word' id='word_1_240' title='bbox 1450 2882 1576 2971; x_wconf 88' lang='lat' dir='ltr'><strong>petebat</strong></span> <span class='ocrx_word' id='word_1_241' title='bbox 1599 2880 1698 2948; x_wconf 91' lang='lat' dir='ltr'><strong>audiri</strong></span> 
     </span>
     <span class='ocr_line' id='line_1_26' title="bbox 327 2985 1698 3079; baseline -0.001 -25"><span class='ocrx_word' id='word_1_242' title='bbox 327 2999 358 3054; x_wconf 92' lang='lat' dir='ltr'><strong>et</strong></span> <span class='ocrx_word' id='word_1_243' title='bbox 381 2987 512 3056; x_wconf 90' lang='lat' dir='ltr'><strong>admitti.</strong></span> <span class='ocrx_word' id='word_1_244' title='bbox 559 2990 661 3058; x_wconf 93' lang='lat' dir='ltr'><strong>Dnus.</strong></span> <span class='ocrx_word' id='word_1_245' title='bbox 678 2990 829 3079; x_wconf 81' lang='lat' dir='ltr'><strong>Aloysius</strong></span> <span class='ocrx_word' id='word_1_246' title='bbox 853 2990 891 3059; x_wconf 88' lang='lat' dir='ltr'><strong>de</strong></span> <span class='ocrx_word' id='word_1_247' title='bbox 916 2992 1079 3079; x_wconf 86' lang='lat' dir='ltr'><strong>Ragonia¹</strong></span> <span class='ocrx_word' id='word_1_248' title='bbox 1102 2989 1272 3057; x_wconf 87' lang='lat' dir='ltr'><strong>advocatus</strong></span> <span class='ocrx_word' id='word_1_249' title='bbox 1289 2991 1417 3077; x_wconf 87' lang='lat' dir='ltr'><strong>reginae</strong></span> <span class='ocrx_word' id='word_1_250' title='bbox 1442 3000 1473 3055; x_wconf 90' lang='lat' dir='ltr'><strong>et</strong></span> <span class='ocrx_word' id='word_1_251' title='bbox 1490 2985 1698 3076; x_wconf 89' lang='lat' dir='ltr'><strong>imperialium</strong></span> 
     </span>
     <span class='ocr_line' id='line_1_27' title="bbox 326 3093 1700 3185; baseline -0.001 -26"><span class='ocrx_word' id='word_1_252' title='bbox 326 3105 490 3161; x_wconf 92' lang='lat' dir='ltr'><strong>oratorum</strong></span> <span class='ocrx_word' id='word_1_253' title='bbox 514 3095 740 3184; x_wconf 89' lang='lat' dir='ltr'><strong>respondendo</strong></span> <span class='ocrx_word' id='word_1_254' title='bbox 765 3098 870 3185; x_wconf 87' lang='lat' dir='ltr'><strong>coepit</strong></span> <span class='ocrx_word' id='word_1_255' title='bbox 897 3095 1030 3184; x_wconf 89' lang='lat' dir='ltr'><strong>allegare</strong></span> <span class='ocrx_word' id='word_1_256' title='bbox 1059 3096 1249 3164; x_wconf 90' lang='lat' dir='ltr'><strong>calumniam</strong></span> <span class='ocrx_word' id='word_1_257' title='bbox 1279 3097 1362 3183; x_wconf 89' lang='lat' dir='ltr'><strong>regis</strong></span> <span class='ocrx_word' id='word_1_258' title='bbox 1386 3093 1520 3182; x_wconf 87' lang='lat' dir='ltr'><strong>Angliae</strong></span> <span class='ocrx_word' id='word_1_259' title='bbox 1549 3105 1580 3160; x_wconf 92' lang='lat' dir='ltr'><strong>et</strong></span> <span class='ocrx_word' id='word_1_260' title='bbox 1603 3093 1700 3162; x_wconf 87' lang='lat' dir='ltr'><strong>advo·</strong></span> 
     </span>
     <span class='ocr_line' id='line_1_28' title="bbox 327 3201 1699 3292; baseline -0.001 -26"><span class='ocrx_word' id='word_1_261' title='bbox 327 3211 470 3267; x_wconf 89' lang='lat' dir='ltr'><strong>catorum</strong></span> <span class='ocrx_word' id='word_1_262' title='bbox 494 3203 571 3286; x_wconf 89' lang='lat' dir='ltr'><strong>eius,</strong></span> <span class='ocrx_word' id='word_1_263' title='bbox 595 3204 648 3292; x_wconf 90' lang='lat' dir='ltr'><strong>qui</strong></span> <span class='ocrx_word' id='word_1_264' title='bbox 671 3202 822 3271; x_wconf 88' lang='lat' dir='ltr'><strong>auderent</strong></span> <span class='ocrx_word' id='word_1_265' title='bbox 845 3203 921 3270; x_wconf 91' lang='lat' dir='ltr'><strong>tales</strong></span> <span class='ocrx_word' id='word_1_266' title='bbox 945 3203 1116 3271; x_wconf 90' lang='lat' dir='ltr'><strong>calumnias</strong></span> <span class='ocrx_word' id='word_1_267' title='bbox 1139 3224 1322 3291; x_wconf 88' lang='lat' dir='ltr'><strong>proponere</strong></span> <span class='ocrx_word' id='word_1_268' title='bbox 1346 3203 1378 3268; x_wconf 92' lang='lat' dir='ltr'><strong>in</strong></span> <span class='ocrx_word' id='word_1_269' title='bbox 1395 3201 1587 3268; x_wconf 86' lang='lat' dir='ltr'><strong>consistorio</strong></span> <span class='ocrx_word' id='word_1_270' title='bbox 1612 3211 1644 3266; x_wconf 89' lang='lat' dir='ltr'><strong>et</strong></span> <span class='ocrx_word' id='word_1_271' title='bbox 1666 3201 1699 3264; x_wconf 89' lang='lat' dir='ltr'><strong>in</strong></span> 
     </span>
     <span class='ocr_line' id='line_1_29' title="bbox 327 3305 1700 3398; baseline -0.001 -24"><span class='ocrx_word' id='word_1_272' title='bbox 327 3319 499 3396; x_wconf 90' lang='lat' dir='ltr'><strong>conspectu</strong></span> <span class='ocrx_word' id='word_1_273' title='bbox 523 3307 624 3398; x_wconf 89' lang='lat' dir='ltr'><strong>Papae</strong></span> <span class='ocrx_word' id='word_1_274' title='bbox 649 3321 680 3376; x_wconf 89' lang='lat' dir='ltr'><strong>et</strong></span> <span class='ocrx_word' id='word_1_275' title='bbox 703 3309 781 3376; x_wconf 89' lang='lat' dir='ltr'><strong>sacri</strong></span> <span class='ocrx_word' id='word_1_276' title='bbox 811 3321 936 3377; x_wconf 89' lang='lat' dir='ltr'><strong>senatus</strong></span> <span class='ocrx_word' id='word_1_277' title='bbox 961 3307 1180 3393; x_wconf 89' lang='lat' dir='ltr'><strong>cardinalium,</strong></span> <span class='ocrx_word' id='word_1_278' title='bbox 1204 3320 1235 3376; x_wconf 88' lang='lat' dir='ltr'><strong>et</strong></span> <span class='ocrx_word' id='word_1_279' title='bbox 1258 3307 1346 3398; x_wconf 92' lang='lat' dir='ltr'><strong>quod</strong></span> <span class='ocrx_word' id='word_1_280' title='bbox 1376 3306 1524 3395; x_wconf 89' lang='lat' dir='ltr'><strong>allegaret</strong></span> <span class='ocrx_word' id='word_1_281' title='bbox 1548 3319 1580 3374; x_wconf 90' lang='lat' dir='ltr'><strong>et</strong></span> <span class='ocrx_word' id='word_1_282' title='bbox 1603 3305 1700 3374; x_wconf 91' lang='lat' dir='ltr'><strong>dedu-</strong></span> 
     </span>
     <span class='ocr_line' id='line_1_30' title="bbox 327 3412 1701 3504; baseline -0.001 -24"><span class='ocrx_word' id='word_1_283' title='bbox 327 3426 413 3482; x_wconf 85' lang='lat' dir='ltr'><strong>ceret</strong></span> <span class='ocrx_word' id='word_1_284' title='bbox 435 3415 502 3482; x_wconf 89' lang='lat' dir='ltr'><strong>iura</strong></span> <span class='ocrx_word' id='word_1_285' title='bbox 525 3438 590 3496; x_wconf 90' lang='lat' dir='ltr'><strong>sua,</strong></span> <span class='ocrx_word' id='word_1_286' title='bbox 614 3439 681 3482; x_wconf 94' lang='lat' dir='ltr'><strong>non</strong></span> <span class='ocrx_word' id='word_1_287' title='bbox 705 3435 810 3483; x_wconf 90' lang='lat' dir='ltr'><strong>autem</strong></span> <span class='ocrx_word' id='word_1_288' title='bbox 834 3427 1031 3504; x_wconf 89' lang='lat' dir='ltr'><strong>proponeret</strong></span> <span class='ocrx_word' id='word_1_289' title='bbox 1047 3414 1270 3484; x_wconf 89' lang='lat' dir='ltr'><strong>conclusiones</strong></span> <span class='ocrx_word' id='word_1_290' title='bbox 1293 3412 1496 3502; x_wconf 88' lang='lat' dir='ltr'><strong>disputandas</strong></span> <span class='ocrx_word' id='word_1_291' title='bbox 1515 3413 1595 3481; x_wconf 89' lang='lat' dir='ltr'><strong>sicut</strong></span> <span class='ocrx_word' id='word_1_292' title='bbox 1618 3413 1701 3480; x_wconf 88' lang='lat' dir='ltr'><strong>inter</strong></span> 
     </span>
     <span class='ocr_line' id='line_1_31' title="bbox 327 3519 652 3588; baseline 0.003 -2"><span class='ocrx_word' id='word_1_293' title='bbox 327 3519 533 3588; x_wconf 88' lang='lat' dir='ltr'><strong>scholasticos</strong></span> <span class='ocrx_word' id='word_1_294' title='bbox 556 3523 652 3588; x_wconf 90' lang='lat' dir='ltr'><strong>viros.</strong></span> 
     </span>
    </p>
   </div>
   <div class='ocr_carea' id='block_1_4' title="bbox 328 3641 1702 4586">
    <p class='ocr_par' dir='ltr' id='par_1_4' title="bbox 328 3641 1702 4586">
     <span class='ocr_line' id='line_1_32' title="bbox 433 3641 1702 3734; baseline -0.002 -25"><span class='ocrx_word' id='word_1_295' title='bbox 433 3642 484 3710; x_wconf 88' lang='lat' dir='ltr'><strong>Sic</strong></span> <span class='ocrx_word' id='word_1_296' title='bbox 507 3641 726 3712; x_wconf 89' lang='lat' dir='ltr'><strong>altercantibus</strong></span> <span class='ocrx_word' id='word_1_297' title='bbox 749 3646 886 3712; x_wconf 86' lang='lat' dir='ltr'><strong>invicem</strong></span> <span class='ocrx_word' id='word_1_298' title='bbox 910 3643 1070 3713; x_wconf 89' lang='lat' dir='ltr'><strong>advocatis</strong></span> <span class='ocrx_word' id='word_1_299' title='bbox 1094 3658 1127 3713; x_wconf 88' lang='lat' dir='ltr'><strong>et</strong></span> <span class='ocrx_word' id='word_1_300' title='bbox 1142 3643 1399 3734; x_wconf 89' lang='lat' dir='ltr'><strong>procuratoribus</strong></span> <span class='ocrx_word' id='word_1_301' title='bbox 1422 3644 1584 3732; x_wconf 90' lang='lat' dir='ltr'><strong>utriusque</strong></span> <span class='ocrx_word' id='word_1_302' title='bbox 1605 3641 1702 3731; x_wconf 86' lang='lat' dir='ltr'><strong>partis</strong></span> 
     </span>
     <span class='ocr_line' id='line_1_33' title="bbox 328 3747 1699 3840; baseline -0.001 -26"><span class='ocrx_word' id='word_1_303' title='bbox 328 3748 410 3836; x_wconf 91' lang='lat' dir='ltr'><strong>Papa</strong></span> <span class='ocrx_word' id='word_1_304' title='bbox 438 3750 524 3837; x_wconf 88' lang='lat' dir='ltr'><strong>quasi</strong></span> <span class='ocrx_word' id='word_1_305' title='bbox 555 3751 649 3817; x_wconf 88' lang='lat' dir='ltr'><strong>iratus</strong></span> <span class='ocrx_word' id='word_1_306' title='bbox 680 3749 858 3837; x_wconf 90' lang='lat' dir='ltr'><strong>respondit,</strong></span> <span class='ocrx_word' id='word_1_307' title='bbox 889 3751 974 3840; x_wconf 94' lang='lat' dir='ltr'><strong>quod</strong></span> <span class='ocrx_word' id='word_1_308' title='bbox 1007 3750 1220 3834; x_wconf 90' lang='lat' dir='ltr'><strong>discederent,</strong></span> <span class='ocrx_word' id='word_1_309' title='bbox 1251 3752 1323 3840; x_wconf 90' lang='lat' dir='ltr'><strong>quia</strong></span> <span class='ocrx_word' id='word_1_310' title='bbox 1353 3749 1441 3818; x_wconf 89' lang='lat' dir='ltr'><strong>aliter</strong></span> <span class='ocrx_word' id='word_1_311' title='bbox 1470 3747 1699 3838; x_wconf 85' lang='lat' dir='ltr'><strong>provideretur.</strong></span> 
     </span>
     <span class='ocr_line' id='line_1_34' title="bbox 329 3852 1701 3946; baseline 0 -26"><span class='ocrx_word' id='word_1_312' title='bbox 329 3852 503 3921; x_wconf 89' lang='lat' dir='ltr'><strong>Cardinalis</strong></span> <span class='ocrx_word' id='word_1_313' title='bbox 527 3854 565 3922; x_wconf 93' lang='lat' dir='ltr'><strong>de</strong></span> <span class='ocrx_word' id='word_1_314' title='bbox 593 3856 707 3923; x_wconf 89' lang='lat' dir='ltr'><strong>Monte</strong></span> <span class='ocrx_word' id='word_1_315' title='bbox 735 3869 766 3925; x_wconf 91' lang='lat' dir='ltr'><strong>et</strong></span> <span class='ocrx_word' id='word_1_316' title='bbox 793 3856 866 3925; x_wconf 91' lang='lat' dir='ltr'><strong>inde</strong></span> <span class='ocrx_word' id='word_1_317' title='bbox 895 3857 1058 3926; x_wconf 89' lang='lat' dir='ltr'><strong>cardinalis</strong></span> <span class='ocrx_word' id='word_1_318' title='bbox 1087 3857 1214 3946; x_wconf 88' lang='lat' dir='ltr'><strong>Egidius</strong></span> <span class='ocrx_word' id='word_1_319' title='bbox 1245 3855 1397 3924; x_wconf 90' lang='lat' dir='ltr'><strong>nonnulla</strong></span> <span class='ocrx_word' id='word_1_320' title='bbox 1423 3855 1520 3924; x_wconf 88' lang='lat' dir='ltr'><strong>verba</strong></span> <span class='ocrx_word' id='word_1_321' title='bbox 1547 3854 1701 3934; x_wconf 85' lang='lat' dir='ltr'><strong>fecerunt,</strong></span> 
     </span>
     <span class='ocr_line' id='line_1_35' title="bbox 328 3959 1702 4050; baseline -0.001 -22"><span class='ocrx_word' id='word_1_322' title='bbox 328 3985 407 4050; x_wconf 91' lang='lat' dir='ltr'><strong>quae</strong></span> <span class='ocrx_word' id='word_1_323' title='bbox 436 3984 502 4028; x_wconf 91' lang='lat' dir='ltr'><strong>non</strong></span> <span class='ocrx_word' id='word_1_324' title='bbox 530 3964 620 4049; x_wconf 91' lang='lat' dir='ltr'><strong>potui</strong></span> <span class='ocrx_word' id='word_1_325' title='bbox 643 3962 832 4049; x_wconf 86' lang='lat' dir='ltr'><strong>intelligere,</strong></span> <span class='ocrx_word' id='word_1_326' title='bbox 864 3974 895 4031; x_wconf 92' lang='lat' dir='ltr'><strong>et</strong></span> <span class='ocrx_word' id='word_1_327' title='bbox 918 3963 1060 4034; x_wconf 89' lang='lat' dir='ltr'><strong>similiter</strong></span> <span class='ocrx_word' id='word_1_328' title='bbox 1084 3977 1227 4032; x_wconf 89' lang='lat' dir='ltr'><strong>oratores</strong></span> <span class='ocrx_word' id='word_1_329' title='bbox 1252 3963 1396 4031; x_wconf 87' lang='lat' dir='ltr'><strong>Caesaris</strong></span> <span class='ocrx_word' id='word_1_330' title='bbox 1419 3962 1591 4044; x_wconf 86' lang='lat' dir='ltr'><strong>instabant,</strong></span> <span class='ocrx_word' id='word_1_331' title='bbox 1614 3959 1702 4050; x_wconf 91' lang='lat' dir='ltr'><strong>quod</strong></span> 
     </span>
     <span class='ocr_line' id='line_1_36' title="bbox 328 4064 1701 4159; baseline 0 -27"><span class='ocrx_word' id='word_1_332' title='bbox 328 4064 494 4134; x_wconf 88' lang='lat' dir='ltr'><strong>adversarii</strong></span> <span class='ocrx_word' id='word_1_333' title='bbox 518 4066 686 4135; x_wconf 83' lang='lat' dir='ltr'><strong>fundarent</strong></span> <span class='ocrx_word' id='word_1_334' title='bbox 709 4071 919 4137; x_wconf 91' lang='lat' dir='ltr'><strong>intentionem</strong></span> <span class='ocrx_word' id='word_1_335' title='bbox 942 4094 1031 4138; x_wconf 89' lang='lat' dir='ltr'><strong>suam</strong></span> <span class='ocrx_word' id='word_1_336' title='bbox 1056 4083 1087 4138; x_wconf 91' lang='lat' dir='ltr'><strong>et</strong></span> <span class='ocrx_word' id='word_1_337' title='bbox 1109 4070 1321 4159; x_wconf 87' lang='lat' dir='ltr'><strong>legitimarent</strong></span> <span class='ocrx_word' id='word_1_338' title='bbox 1344 4091 1496 4158; x_wconf 88' lang='lat' dir='ltr'><strong>personas</strong></span> <span class='ocrx_word' id='word_1_339' title='bbox 1519 4090 1602 4149; x_wconf 90' lang='lat' dir='ltr'><strong>suas,</strong></span> <span class='ocrx_word' id='word_1_340' title='bbox 1626 4065 1701 4133; x_wconf 90' lang='lat' dir='ltr'><strong>alio·</strong></span> 
     </span>
     <span class='ocr_line' id='line_1_37' title="bbox 329 4171 1701 4264; baseline -0.001 -26"><span class='ocrx_word' id='word_1_341' title='bbox 329 4172 404 4260; x_wconf 91' lang='lat' dir='ltr'><strong>quin</strong></span> <span class='ocrx_word' id='word_1_342' title='bbox 429 4195 495 4239; x_wconf 93' lang='lat' dir='ltr'><strong>non</strong></span> <span class='ocrx_word' id='word_1_343' title='bbox 513 4172 718 4242; x_wconf 88' lang='lat' dir='ltr'><strong>intendebant</strong></span> <span class='ocrx_word' id='word_1_344' title='bbox 740 4173 943 4262; x_wconf 89' lang='lat' dir='ltr'><strong>respondere.</strong></span> <span class='ocrx_word' id='word_1_345' title='bbox 982 4178 1082 4244; x_wconf 87' lang='lat' dir='ltr'><strong>Actus</strong></span> <span class='ocrx_word' id='word_1_346' title='bbox 1098 4177 1156 4244; x_wconf 92' lang='lat' dir='ltr'><strong>iste</strong></span> <span class='ocrx_word' id='word_1_347' title='bbox 1173 4175 1291 4244; x_wconf 90' lang='lat' dir='ltr'><strong>nedum</strong></span> <span class='ocrx_word' id='word_1_348' title='bbox 1308 4175 1410 4264; x_wconf 89' lang='lat' dir='ltr'><strong>Papae</strong></span> <span class='ocrx_word' id='word_1_349' title='bbox 1435 4187 1466 4241; x_wconf 91' lang='lat' dir='ltr'><strong>et</strong></span> <span class='ocrx_word' id='word_1_350' title='bbox 1483 4171 1701 4252; x_wconf 89' lang='lat' dir='ltr'><strong>cardinalibus,</strong></span> 
     </span>
     <span class='ocr_line' id='line_1_38' title="bbox 329 4275 1700 4370; baseline 0.001 -27"><span class='ocrx_word' id='word_1_351' title='bbox 329 4275 384 4344; x_wconf 90' lang='lat' dir='ltr'><strong>sed</strong></span> <span class='ocrx_word' id='word_1_352' title='bbox 401 4276 550 4345; x_wconf 91' lang='lat' dir='ltr'><strong>omnibus</strong></span> <span class='ocrx_word' id='word_1_353' title='bbox 566 4277 682 4346; x_wconf 90' lang='lat' dir='ltr'><strong>ibidem</strong></span> <span class='ocrx_word' id='word_1_354' title='bbox 706 4278 877 4348; x_wconf 89' lang='lat' dir='ltr'><strong>astantibus</strong></span> <span class='ocrx_word' id='word_1_355' title='bbox 893 4281 977 4348; x_wconf 86' lang='lat' dir='ltr'><strong>visus</strong></span> <span class='ocrx_word' id='word_1_356' title='bbox 998 4280 1055 4349; x_wconf 90' lang='lat' dir='ltr'><strong>fuit</strong></span> <span class='ocrx_word' id='word_1_357' title='bbox 1079 4283 1203 4370; x_wconf 90' lang='lat' dir='ltr'><strong>ineptus</strong></span> <span class='ocrx_word' id='word_1_358' title='bbox 1227 4295 1258 4350; x_wconf 91' lang='lat' dir='ltr'><strong>et</strong></span> <span class='ocrx_word' id='word_1_359' title='bbox 1281 4281 1481 4362; x_wconf 87' lang='lat' dir='ltr'><strong>inhonestus,</strong></span> <span class='ocrx_word' id='word_1_360' title='bbox 1506 4302 1609 4368; x_wconf 91' lang='lat' dir='ltr'><strong>neque</strong></span> <span class='ocrx_word' id='word_1_361' title='bbox 1632 4300 1700 4366; x_wconf 91' lang='lat' dir='ltr'><strong>per-</strong></span> 
     </span>
     <span class='ocr_line' id='line_1_39' title="bbox 328 4384 1700 4477; baseline 0.001 -29"><span class='ocrx_word' id='word_1_362' title='bbox 328 4384 416 4449; x_wconf 91' lang='lat' dir='ltr'><strong>sonis</strong></span> <span class='ocrx_word' id='word_1_363' title='bbox 446 4407 548 4473; x_wconf 90' lang='lat' dir='ltr'><strong>neque</strong></span> <span class='ocrx_word' id='word_1_364' title='bbox 577 4385 669 4451; x_wconf 91' lang='lat' dir='ltr'><strong>simili</strong></span> <span class='ocrx_word' id='word_1_365' title='bbox 698 4408 808 4452; x_wconf 88' lang='lat' dir='ltr'><strong>causae</strong></span> <span class='ocrx_word' id='word_1_366' title='bbox 837 4389 1040 4472; x_wconf 81' lang='lat' dir='ltr'><strong>convenisse3</strong></span> <span class='ocrx_word' id='word_1_367' title='bbox 1075 4389 1177 4455; x_wconf 91' lang='lat' dir='ltr'><strong>immo</strong></span> <span class='ocrx_word' id='word_1_368' title='bbox 1206 4390 1338 4477; x_wconf 92' lang='lat' dir='ltr'><strong>turpiter</strong></span> <span class='ocrx_word' id='word_1_369' title='bbox 1366 4401 1397 4455; x_wconf 90' lang='lat' dir='ltr'><strong>et</strong></span> <span class='ocrx_word' id='word_1_370' title='bbox 1426 4386 1643 4475; x_wconf 88' lang='lat' dir='ltr'><strong>ignominiose</strong></span> <span class='ocrx_word' id='word_1_371' title='bbox 1666 4406 1700 4449; x_wconf 91' lang='lat' dir='ltr'><strong>se</strong></span> 
     </span>
     <span class='ocr_line' id='line_1_40' title="bbox 330 4489 1235 4586; baseline 0.007 -29"><span class='ocrx_word' id='word_1_372' title='bbox 330 4489 505 4559; x_wconf 89' lang='lat' dir='ltr'><strong>habuerunt</strong></span> <span class='ocrx_word' id='word_1_373' title='bbox 528 4503 559 4558; x_wconf 90' lang='lat' dir='ltr'><strong>et</strong></span> <span class='ocrx_word' id='word_1_374' title='bbox 583 4492 668 4579; x_wconf 91' lang='lat' dir='ltr'><strong>quasi</strong></span> <span class='ocrx_word' id='word_1_375' title='bbox 693 4492 801 4560; x_wconf 88' lang='lat' dir='ltr'><strong>reiecti</strong></span> <span class='ocrx_word' id='word_1_376' title='bbox 824 4506 1031 4561; x_wconf 89' lang='lat' dir='ltr'><strong>recesserunt.</strong></span> <span class='ocrx_word' id='word_1_377' title='bbox 1079 4493 1116 4584; x_wconf 87' lang='lat' dir='ltr'><strong>(f.</strong></span> <span class='ocrx_word' id='word_1_378' title='bbox 1142 4495 1235 4586; x_wconf 89' lang='lat'>218.)</span> 
     </span>
    </p>
   </div>
   <div class='ocr_carea' id='block_1_5' title="bbox 329 4619 538 4626">
    <p class='ocr_par' dir='ltr' id='par_1_5' title="bbox 329 4619 538 4626">
     <span class='ocr_line' id='line_1_41' title="bbox 329 4619 538 4626; baseline -0.005 0"><span class='ocrx_word' id='word_1_379' title='bbox 329 4620 389 4626; x_wconf 82' lang='grc'><strong>----</strong></span> <span class='ocrx_word' id='word_1_380' title='bbox 405 4619 460 4626; x_wconf 62' lang='lat'>...-</span> <span class='ocrx_word' id='word_1_381' title='bbox 471 4620 538 4625; x_wconf 83' lang='lat'><em>-—-.</em></span> 
     </span>
    </p>
   </div>
   <div class='ocr_carea' id='block_1_6' title="bbox 437 4683 1699 4759">
    <p class='ocr_par' dir='ltr' id='par_1_6' title="bbox 437 4683 1699 4759">
     <span class='ocr_line' id='line_1_42' title="bbox 437 4683 1699 4759; baseline 0 -22"><span class='ocrx_word' id='word_1_382' title='bbox 437 4691 445 4722; x_wconf 88' lang='lat'><strong>¹</strong></span> <span class='ocrx_word' id='word_1_383' title='bbox 463 4683 611 4756; x_wconf 88' lang='lat' dir='ltr'><strong>Hippolyto</strong></span> <span class='ocrx_word' id='word_1_384' title='bbox 630 4683 662 4738; x_wconf 88' lang='lat' dir='ltr'><strong>de</strong></span> <span class='ocrx_word' id='word_1_385' title='bbox 677 4685 782 4752; x_wconf 88' lang='lat' dir='ltr'><strong>Medici,</strong></span> <span class='ocrx_word' id='word_1_386' title='bbox 802 4685 908 4758; x_wconf 87' lang='lat' dir='ltr'><strong>Nepote</strong></span> <span class='ocrx_word' id='word_1_387' title='bbox 928 4687 974 4741; x_wconf 81' lang='lat' dir='ltr'><strong>cles</strong></span> <span class='ocrx_word' id='word_1_388' title='bbox 989 4687 1108 4759; x_wconf 88' lang='lat' dir='ltr'><strong>Papstes,</strong></span> <span class='ocrx_word' id='word_1_389' title='bbox 1128 4687 1257 4743; x_wconf 80' lang='lat' dir='ltr'><strong>wilirend</strong></span> <span class='ocrx_word' id='word_1_390' title='bbox 1275 4689 1322 4742; x_wconf 87' lang='lat' dir='ltr'><strong>der</strong></span> <span class='ocrx_word' id='word_1_391' title='bbox 1335 4687 1479 4740; x_wconf 86' lang='lat' dir='ltr'><strong>Kranltheit</strong></span> <span class='ocrx_word' id='word_1_392' title='bbox 1499 4685 1546 4740; x_wconf 89' lang='lat' dir='ltr'><strong>des</strong></span> <span class='ocrx_word' id='word_1_393' title='bbox 1566 4685 1699 4747; x_wconf 80' lang='lat' dir='ltr'><strong>letzteren</strong></span> 
     </span>
    </p>
   </div>
   <div class='ocr_carea' id='block_1_7' title="bbox 330 4754 1698 4881">
    <p class='ocr_par' dir='ltr' id='par_1_7' title="bbox 330 4754 1698 4881">
     <span class='ocr_line' id='line_1_43' title="bbox 330 4754 1698 4830; baseline 0 -23"><span class='ocrx_word' id='word_1_394' title='bbox 330 4754 417 4809; x_wconf 81' lang='lat' dir='ltr'><strong>Ant&#39;an</strong></span> <span class='ocrx_word' id='word_1_395' title='bbox 454 4768 529 4825; x_wconf 86' lang='lat'><strong>1529,</strong></span> <span class='ocrx_word' id='word_1_396' title='bbox 548 4772 607 4808; x_wconf 89' lang='lat' dir='ltr'><strong>zum</strong></span> <span class='ocrx_word' id='word_1_397' title='bbox 622 4754 745 4809; x_wconf 85' lang='lat' dir='ltr'><strong>Kardinal</strong></span> <span class='ocrx_word' id='word_1_398' title='bbox 761 4755 888 4821; x_wconf 87' lang='lat' dir='ltr'><strong>erhoben,</strong></span> <span class='ocrx_word' id='word_1_399' title='bbox 908 4775 950 4810; x_wconf 89' lang='lat' dir='ltr'><strong>arn</strong></span> <span class='ocrx_word' id='word_1_400' title='bbox 968 4773 988 4813; x_wconf 89' lang='lat' dir='ltr'><strong>t.</strong></span> <span class='ocrx_word' id='word_1_401' title='bbox 1001 4758 1052 4830; x_wconf 92' lang='lat' dir='ltr'><strong>Juli</strong></span> <span class='ocrx_word' id='word_1_402' title='bbox 1068 4773 1143 4828; x_wconf 79' lang='lat'><strong>1532,</strong></span> <span class='ocrx_word' id='word_1_403' title='bbox 1162 4759 1231 4812; x_wconf 89' lang='lat' dir='ltr'><strong>nach</strong></span> <span class='ocrx_word' id='word_1_404' title='bbox 1246 4759 1308 4812; x_wconf 89' lang='lat' dir='ltr'><strong>dem</strong></span> <span class='ocrx_word' id='word_1_405' title='bbox 1321 4757 1398 4812; x_wconf 91' lang='lat' dir='ltr'><strong>Tode</strong></span> <span class='ocrx_word' id='word_1_406' title='bbox 1416 4757 1540 4829; x_wconf 87' lang='lat' dir='ltr'><strong>Pompeo</strong></span> <span class='ocrx_word' id='word_1_407' title='bbox 1554 4755 1698 4820; x_wconf 87' lang='lat' dir='ltr'><strong>Colonnas,</strong></span> 
     </span>
     <span class='ocr_line' id='line_1_44' title="bbox 330 4824 720 4881; baseline 0 -1"><span class='ocrx_word' id='word_1_408' title='bbox 330 4843 391 4881; x_wconf 81' lang='lat' dir='ltr'><strong>aum</strong></span> <span class='ocrx_word' id='word_1_409' title='bbox 435 4824 582 4878; x_wconf 79' lang='lat' dir='ltr'><strong>icebanzler</strong></span> <span class='ocrx_word' id='word_1_410' title='bbox 601 4835 720 4880; x_wconf 87' lang='lat' dir='ltr'><strong>emannt.</strong></span> 
     </span>
    </p>
   </div>
   <div class='ocr_carea' id='block_1_8' title="bbox 437 4894 1392 4971">
    <p class='ocr_par' dir='ltr' id='par_1_8' title="bbox 437 4894 1392 4971">
     <span class='ocr_line' id='line_1_45' title="bbox 437 4894 1392 4971; baseline 0.004 -23"><span class='ocrx_word' id='word_1_411' title='bbox 437 4894 600 4966; x_wconf 78' lang='lat' dir='ltr'><strong>&#39;Johanncs</strong></span> <span class='ocrx_word' id='word_1_412' title='bbox 620 4895 744 4971; x_wconf 81' lang='lat' dir='ltr'><strong>Aloysius</strong></span> <span class='ocrx_word' id='word_1_413' title='bbox 764 4895 796 4952; x_wconf 86' lang='lat' dir='ltr'><strong>de</strong></span> <span class='ocrx_word' id='word_1_414' title='bbox 815 4896 971 4970; x_wconf 82' lang='lat' dir='ltr'><strong>Arragouiu.</strong></span> <span class='ocrx_word' id='word_1_415' title='bbox 1009 4899 1035 4952; x_wconf 91' lang='lat' dir='ltr'><strong>S.</strong></span> <span class='ocrx_word' id='word_1_416' title='bbox 1055 4899 1124 4953; x_wconf 87' lang='lat' dir='ltr'><strong>oben</strong></span> <span class='ocrx_word' id='word_1_417' title='bbox 1144 4900 1170 4953; x_wconf 87' lang='lat' dir='ltr'><strong>S.</strong></span> <span class='ocrx_word' id='word_1_418' title='bbox 1191 4913 1249 4968; x_wconf 88' lang='lat'><strong>207,</strong></span> <span class='ocrx_word' id='word_1_419' title='bbox 1268 4899 1348 4952; x_wconf 74' lang='lat' dir='ltr'><strong>Amn¹</strong></span> <span class='ocrx_word' id='word_1_420' title='bbox 1367 4913 1392 4965; x_wconf 83' lang='grc'><strong>4.</strong></span> 
     </span>
    </p>
   </div>
   <div class='ocr_carea' id='block_1_9' title="bbox 0 0 1916 5538">
    <p class='ocr_par' dir='ltr' id='par_1_9' title="bbox 0 0 1916 5538">
     <span class='ocr_line' id='line_1_46' title="bbox 0 0 1916 5538; baseline 0 0"><span class='ocrx_word' id='word_1_421' title='bbox 0 0 1916 5538; x_wconf 95' lang='lat' dir='ltr'><strong> </strong></span> 
     </span>
    </p>
   </div>
  </div>
 </body>
</html>
