3824 5528
197 288 265 344 ¹53⁰
283 272 441 330 December.
1507 261 1566 328 173

301 435 400 516 Quod
424 435 534 503 litteris
557 437 619 504 tuis
642 435 681 504 ad
705 460 766 504 nos
788 449 874 505 tutus
897 461 965 505 non
988 449 1092 525 pateat
1115 457 1273 519 accessus,
1305 439 1478 520 nescimus,
1506 461 1566 506 uec

194 538 353 608 credimus
377 564 529 630 umquam
552 540 719 631 impeditas
742 541 853 626 fuisse;
885 542 960 610 illud
983 544 1084 631 magis
1108 541 1268 625 dolemus,
1292 562 1417 610 nostras
1440 555 1471 610 et
1494 545 1566 611 cita-

193 647 292 714 torias
316 658 347 714 et
370 645 565 715 inhibitorias
581 647 620 714 ad
635 660 667 716 te
686 660 767 730 tut0,
792 662 826 716 ut
842 661 1063 737 procuratores
1079 649 1207 736 reginae
1223 661 1376 732 asserunt,
1399 651 1565 738 pervenire

194 775 262 818 non
283 753 425 840 potuisse
449 772 501 820 aut
524 777 630 841 posse,
654 756 696 822 ita
719 765 753 821 ut
776 777 906 822 necesse
929 753 1033 836 fuerit,
1057 753 1183 822 easdem
1208 777 1264 843 per
1281 754 1419 822 edictum
1442 757 1565 845 exequi.

301 858 351 925 De
376 860 488 927 nuntio
505 872 611 927 autem
629 871 741 928 nostro
757 860 840 948 apud
857 861 1172 943 Christianissimum,
1196 860 1283 950 quod
1300 860 1338 928 de
1355 884 1447 928 causa
1462 861 1567 929 huius-

194 963 285 1031 modi
308 963 433 1033 locutus
455 964 563 1048 fuerit,
595 967 731 1033 omnino
760 969 955 1054 ignoramus.
1002 967 1079 1034 Non
1108 967 1194 1034 enim
1225 989 1242 1032 a
1270 964 1362 1034 nobis
1391 965 1506 1056 aliquid
1534 969 1566 1034 in

194 1069 351 1139 mandatis
375 1070 497 1154 habuit,
528 1074 559 1138 in
589 1071 772 1140 huiusmodi
797 1097 887 1140 causa
911 1096 944 1141 se
973 1072 1056 1162 apud
1079 1095 1189 1160 regem
1213 1072 1316 1162 aliquo
1342 1071 1442 1140 modo
1466 1074 1565 1141 intro-

196 1177 353 1246 mittendi.
400 1178 471 1246 Nos
495 1181 580 1246 enim
597 1202 689 1248 causa
712 1179 895 1248 huiusmodi
917 1179 1092 1247 nullatenus
1116 1179 1218 1246 adhuc
1247 1181 1396 1246 instructa
1420 1201 1487 1246 non
1510 1202 1567 1268 po·

194 1284 366 1350 tuissemus
395 1307 499 1374 neque
529 1284 746 1352 debuissemus
776 1309 901 1352 causam
930 1287 1029 1374 ipsam
1054 1287 1167 1352 iustam
1196 1284 1246 1353 vel
1276 1286 1423 1352 iniustam
1448 1283 1567 1368 dicere3

195 1390 324 1476 reginae
347 1413 425 1457 vero
448 1390 675 1478 appellationes
699 1405 730 1458 et
755 1393 983 1474 recusationes,
1007 1393 1033 1458 si
1057 1389 1149 1458 nobis
1174 1414 1239 1457 non
1265 1389 1488 1472 calumniosae,
1512 1390 1568 1458 sed

195 1497 295 1563 iustae
319 1495 475 1578 videntur,
500 1520 566 1563 non
591 1495 687 1565 debes
710 1499 752 1564 ita
768 1499 947 1587 impetuose
963 1499 1103 1585 recipere
1120 1510 1152 1565 et
1167 1496 1344 1585 prohibere.
1384 1496 1454 1563 Nos
1471 1498 1568 1580 enim,

195 1614 230 1668 ut
253 1603 376 1690 saepius
399 1601 551 1684 diximus,
579 1605 713 1671 iustitiae
745 1603 855 1671 deesse
879 1627 945 1672 non
974 1626 1160 1691 possumus;
1193 1602 1280 1690 leges
1304 1625 1381 1669 vero
1405 1605 1496 1690 regni
1522 1605 1568 1670 tui

196 1720 250 1775 aut
272 1707 444 1798 quamlibet
466 1707 718 1776 iurisdictionem
743 1723 828 1778 tuam
853 1712 884 1776 in
910 1708 1024 1778 eodem
1049 1732 1151 1797 regno
1176 1710 1208 1776 in
1228 1708 1453 1797 temporalibus
1477 1733 1568 1777 num-

197 1837 291 1904 quam
321 1838 424 1905 neque
453 1838 528 1897 nos,
559 1839 662 1904 neque
692 1815 789 1884 Sedes
822 1815 1005 1904 Apostolica
1033 1828 1114 1884 teste
1142 1813 1323 1883 Alexandro
1351 1815 1403 1882 111.
1438 1815 1567 1903 praede-

197 1943 326 1988 cessore
361 1933 474 1989 nostro
507 1920 702 1989 turbavimus
730 1935 783 1990 aut
813 1921 870 1989 illis
903 1945 1034 2012 quoquo
1070 1921 1169 1990 modo
1193 1920 1484 2009 praeiudicavimus.
1531 1923 1566 1988 In

196 2025 406 2114 spiritualibus
435 2049 527 2109 vero,
561 2050 694 2116 quarum
723 2029 865 2116 cognitio
894 2027 934 2095 ad
961 2051 1021 2095 nos
1051 2041 1083 2096 et
1109 2027 1274 2096 ecclesiam
1302 2029 1454 2115 pertinet,
1481 2027 1568 2115 leges

197 2131 381 2201 huiusmodi
411 2147 464 2200 aut
494 2134 738 2202 constitutiones
766 2157 822 2202 seu
851 2133 1097 2202 consuetudines
1126 2135 1216 2221 regni
1245 2135 1290 2201 tui
1317 2132 1425 2201 locum
1454 2133 1569 2202 habere

197 2261 267 2306 non
289 2250 439 2327 possunt,
469 2241 590 2308 etiamsi
613 2241 645 2306 in
670 2242 715 2307 eis
738 2263 884 2328 expresse
908 2239 948 2308 de
971 2239 1179 2328 spiritualibus
1208 2250 1386 2320 caveretur,
1416 2241 1568 2328 quoniam

197 2343 273 2412 illud
312 2359 423 2414 contra
463 2344 640 2414 libertatem
676 2345 918 2415 ecclesiasticam
954 2348 1090 2414 omnino
1124 2365 1216 2414 esset.
1272 2346 1310 2414 Et
1344 2347 1371 2413 si
1405 2345 1569 2414 decretum

198 2450 368 2520 Alexandri
385 2453 436 2519 ΙΙΙ.
453 2451 704 2539 praedecessoris
721 2454 822 2520 nostri
838 2451 1021 2520 huiusmodi
1037 2453 1069 2519 in
1085 2451 1176 2521 titulo
1193 2450 1233 2519 de
1249 2450 1446 2540 sponsalibus
1462 2451 1569 2540 legere

196 2557 362 2639 volueris,¹
378 2559 525 2646 reperies,
538 2561 655 2624 summi
671 2557 835 2626 Pontificis
852 2571 883 2626 et
896 2581 1056 2627 canonum
1073 2559 1293 2626 auctoritatem
1308 2559 1402 2626 etiam
1418 2558 1451 2624 in
1466 2580 1568 2645 regno

196 2675 266 2744 tuo,
290 2661 450 2752 quibusvis
475 2686 539 2730 non
565 2662 775 2746 obstantibus,
804 2663 910 2731 locum
941 2663 1070 2747 habere3
1102 2666 1171 2753 quis
1200 2664 1285 2731 enirn
1316 2662 1426 2731 adduci
1450 2683 1570 2751 posset,

199 2781 234 2836 ut
257 2768 408 2853 crederet,
432 2772 464 2836 in
487 2793 589 2857 regno
607 2768 750 2856 Angliae,
774 2768 811 2837 ab
835 2771 966 2856 ecclesia
985 2771 1130 2839 Romana
1153 2783 1185 2838 et
1207 2772 1341 2837 summis
1363 2767 1570 2838 Pontificibus

197 2877 367 2964 recognito
392 2877 485 2945 etde
510 2899 668 2944 consensu
692 2875 972 2964 praedecessorum
995 2889 1124 2945 tuorum
1147 2877 1309 2946 Romanae
1334 2875 1483 2944 ecclesiae
1505 2874 1570 2943 feu-

198 2980 331 3065 datario,
356 2982 600 3050 constitutiones
624 2994 735 3050 contra
758 2980 874 3049 Sedem
899 2981 1117 3071 Apostolicam
1142 2995 1173 3050 et
1194 2982 1369 3050 libertatem
1386 2981 1571 3050 ecclesiasti-

198 3110 270 3156 cam
293 3087 397 3177 aliquo
422 3087 521 3156 modo
546 3087 614 3155 fieri
637 3099 690 3156 aut
709 3111 855 3156 emanare
874 3110 984 3177 posse;
1008 3088 1095 3178 quod
1119 3089 1144 3154 si
1167 3087 1310 3170 fortasse,
1334 3106 1369 3155 ut
1384 3085 1570 3168 audivimus,

199 3195 417 3262 emanaverint
441 3195 534 3261 etita
560 3207 670 3262 contra
693 3193 868 3262 libertatem
893 3192 1090 3274 huiusmodi,
1115 3205 1149 3261 ut
1172 3217 1212 3260 ne
1237 3194 1306 3283 quis
1329 3191 1367 3260 ad
1389 3194 1569 3262 Romanam

199 3300 318 3367 curiam
335 3300 451 3381 veniat,
476 3312 563 3367 certo
582 3300 672 3382 scias,
696 3298 789 3368 nobis
812 3321 879 3366 non
903 3298 1046 3367 defutura
1061 3298 1201 3367 remedia
1224 3321 1282 3387 pro
1299 3297 1416 3366 tuenda
1430 3298 1571 3367 libertate

200 3404 410 3474 ecclesiastica
433 3417 464 3473 et
488 3407 672 3494 praesertim
696 3404 785 3473 Sedis
809 3404 1022 3494 Apostolicae.
1069 3405 1176 3495 ltaque
1208 3406 1309 3493 magis
1332 3415 1475 3473 oratores
1498 3417 1571 3472 tuos

198 3510 239 3579 ad
262 3510 460 3600 purgandum
485 3522 518 3578 te
540 3533 634 3599 super
650 3509 833 3579 huiusmodi
852 3509 1164 3578 contraventionibus
1180 3509 1328 3578 libertatis
1346 3507 1572 3579 ecclesiasticae

200 3617 455 3704 expectabamus,
480 3640 574 3706 quam
598 3617 715 3685 litteras
738 3629 806 3685 tuas
832 3616 1013 3686 huiusmodi
1036 3616 1235 3706 querelarum
1258 3615 1381 3705 plenas3
1411 3618 1456 3684 sic
1485 3619 1569 3684 enim

200 3723 336 3813 legimus
367 3721 478 3791 fecisse
509 3724 585 3791 olim
618 3746 727 3812 regent
759 3721 892 3811 Angliae
928 3746 1021 3813 super
1050 3724 1239 3812 purgatione
1270 3721 1434 3791 homicidii
1464 3722 1569 3791 Sancti

199 3829 361 3912 Thomae‚
390 3830 540 3898 ecclesiae
564 3829 798 3897 cantuariensis
827 3831 984 3918 episcopi,
1014 3831 1100 3897 cuius
1130 3829 1306 3898 oratoribus
1334 3827 1481 3897 Pontifex
1504 3852 1572 3896 non

200 3934 351 4018 credidit,
383 3934 438 4003 sed
470 3937 554 4003 misit
585 3934 755 4004 cardinales
785 3935 865 4003 duos
893 3935 931 4002 ad
960 3936 1205 4024 perquirendum
1234 3935 1391 4003 eiusmodi
1421 3937 1465 4002 rei
1493 3938 1572 4003 veri-

200 4054 313 4111 tatem:
345 4065 425 4131 quae
454 4043 562 4109 omnia
589 4040 644 4109 tibi
673 4064 982 4123 commemoramus,
1011 4054 1044 4109 ut
1068 4041 1188 4124 videas,
1216 4041 1476 4131 praedecessores
1499 4053 1571 4109 tuos

199 4148 238 4217 ab
262 4147 445 4216 huiusmodi
461 4147 609 4216 libertatis
626 4148 852 4216 ecclesiasticae
869 4149 1077 4236 oppressione
1102 4171 1227 4236 semper
1244 4147 1429 4216 abstinuisse
1447 4160 1477 4216 et
1496 4147 1569 4216 Sedi

199 4253 407 4343 Apostolicae
431 4253 616 4322 obedientes
638 4253 743 4322 fuisse.

307 4360 515 4429 Inhibitiones
538 4373 645 4428 autem
674 4383 740 4428 non
765 4361 825 4426 nisi
853 4360 948 4428 iustas
978 4373 1009 4428 et
1032 4361 1098 4427 iure
1128 4362 1330 4448 permittente
1359 4373 1413 4428 aut
1440 4359 1571 4428 fecimus

199 4481 254 4536 aut
277 4466 439 4549 faciemus,
463 4467 542 4534 iuste
566 4478 672 4534 autem
688 4465 783 4534 lactas
799 4465 975 4534 nullatenus
996 4467 1174 4534 revocaturi
1197 4489 1315 4534 sumus.
1349 4464 1449 4547 Quod
1466 4478 1571 4534 autem

200 4579 233 4642 in
258 4573 342 4642 calce
364 4573 538 4641 litterarum
554 4587 679 4641 tuarum
698 4573 788 4660 petis,
813 4584 846 4640 ut
868 4570 923 4639 tibi
944 4572 982 4639 ad
998 4573 1168 4659 praemissa
1185 4572 1294 4639 omnia
1310 4570 1573 4660 respondeamus,

200 4703 393 4770 quamquam
424 4680 567 4766 superius
601 4701 747 4767 expresse
779 4691 809 4746 et
840 4678 920 4746 clare
951 4679 1094 4745 animum
1125 4689 1271 4745 nostrum
1303 4675 1572 4765 explicaverimus,

200 4835 386 4844 -.Μ-.-
391 4835 403 4841 ..

311 4909 445 4964 ¹Decret.
465 4909 538 4979 Greg
569 4909 613 4963 lx.
633 4910 675 4962 lib.
696 4909 741 4964 lV.
761 4909 799 4962 tit.
820 4909 838 4962 l.
859 4925 880 4962 c.
900 4909 924 4963 6.
