3782 5532
334 319 394 382 108
1508 273 1513 280 ·
1547 332 1608 404 Juni
1629 346 1704 403 1529.

330 492 487 580 Impetiaii
504 490 543 560 de
559 491 587 559 la
603 495 801 577 avocatione,
824 494 846 561 li
869 495 976 562 hanno
992 492 1070 562 fatto
1087 511 1210 562 entrare
1226 516 1289 561 con
1313 491 1415 561 molto
1434 494 1581 581 maggior
1598 490 1704 560 studio

331 621 348 665 a
369 599 477 666 volere
494 619 556 666 con
580 611 659 668 tutta
682 600 710 668 la
727 600 852 669 celeritd
874 599 1022 690 possibile
1041 598 1105 668 fare
1128 598 1148 666 il
1165 621 1316 688 processo
1340 621 1397 688 per
1412 599 1550 666 haveme
1573 599 1602 666 la
1617 621 1705 666 reso-

331 704 468 787 lutione,
499 706 579 773 circa
603 706 624 773 il
652 707 710 774 che
735 709 778 775 mi
802 728 896 776 trovo
925 708 957 774 in
980 708 1058 775 tanti
1081 704 1211 794 travagli
1234 706 1330 788 che«,
1359 729 1392 772 se
1416 706 1535 772 Vostra
1557 705 1706 793 Signoria

331 812 374 877 nti
399 810 529 878 vedesse
553 814 586 879 in
610 811 687 880 letto
712 837 774 881 con
797 813 827 881 ie
850 813 990 902 podagre
1014 811 1130 880 crudeli
1154 813 1185 878 in
1210 823 1290 878 sette
1313 809 1422 900 luoghi
1446 823 1478 877 et
1500 834 1563 878 con
1584 810 1705 894 iebbre,

330 915 452 984 benche
475 917 657 986 accidentali
682 942 738 1008 per
761 919 781 986 li
805 918 919 1002 dolori,
943 919 1113 986 attorniato
1137 916 1177 985 da
1199 918 1263 983 XV
1287 915 1407 984 dottori
1438 939 1501 984 con
1526 915 1588 984 due
1611 941 1706 984 sonte

331 1022 371 1090 de
393 1021 461 1090 libri
485 1025 517 1090 in
541 1023 649 1092 volere
673 1024 898 1107 dimostrarmi,
923 1024 981 1093 che
1003 1035 1086 1092 tutto
1110 1022 1215 1113 quello
1240 1020 1456 1105 concludono,
1480 1025 1525 1090 sia
1547 1022 1705 1111 giuridico

331 1141 362 1196 et
385 1153 451 1197 non
475 1131 501 1196 si
525 1153 620 1218 possa
643 1135 684 1198 ne
701 1129 812 1199 debbia
834 1130 879 1199 far
902 1131 1090 1214 altrimente,
1113 1153 1174 1197 son
1190 1148 1290 1211 certo,
1314 1127 1425 1196 ch'ella
1446 1131 1491 1195 mi
1515 1130 1600 1197 haria
1616 1153 1707 1197 corn-

330 1237 488 1323 passione,
512 1236 771 1304 convenendomi
795 1259 911 1306 ancora
929 1236 1020 1304 farmi
1042 1255 1168 1326 portare
1191 1235 1219 1303 al
1241 1235 1341 1323 luogo
1366 1233 1417 1302 dei
1440 1236 1551 1303 iuditio
1569 1236 1634 1303 Dio
1659 1260 1705 1317 sa,

331 1365 393 1409 con
418 1341 476 1408 che
493 1341 645 1431 dispiacer
669 1344 735 1410 mio
753 1356 784 1412 et
807 1342 948 1432 pericolo
973 1343 1023 1412 nel
1040 1344 1241 1411 movimento
1259 1365 1276 1407 a
1299 1341 1451 1409 scendere
1469 1353 1500 1408 et
1518 1340 1705 1410 discendere

331 1447 412 1515 scale
436 1467 468 1515 et
492 1467 614 1516 entrare
639 1467 670 1517 et
693 1450 794 1519 uscire
817 1449 849 1518 di
872 1473 962 1518 nave.
1008 1451 1112 1538 Prego
1134 1449 1210 1530 Di0‚
1234 1446 1318 1514 ch'io
1342 1469 1410 1514 non
1434 1446 1544 1515 habbia
1568 1471 1584 1514 a
1608 1459 1707 1515 restat

330 1575 387 1642 per
409 1576 535 1642 sempre
557 1556 588 1621 in
613 1553 737 1642 Anglia.

439 1647 483 1726 »E
506 1683 594 1744 veru,
625 1662 685 1728 che
708 1660 746 1731 da
770 1663 887 1729 Vostra
910 1662 1056 1750 Signoria
1079 1684 1135 1750 per
1158 1662 1211 1748 pid
1234 1684 1290 1729 sue
1314 1662 1358 1727 mi
1381 1659 1415 1728 fu
1438 1662 1556 1748 scripto
1584 1671 1706 1748 quanto

332 1764 455 1847 edatsa,
479 1764 507 1832 al
530 1765 589 1834 che
612 1767 736 1855 risposi‚
760 1790 854 1834 come
878 1790 946 1834 essa
968 1765 1040 1834 vide
1063 1789 1118 1854 per
1142 1765 1170 1833 le
1194 1769 1257 1834 mie
1280 1766 1401 1848 lettere,
1426 1777 1457 1834 et
1481 1767 1507 1832 si
1527 1769 1544 1832 ὲ
1568 1765 1706 1854 seguit0,

331 1883 450 1960 quanto
474 1873 523 1938 sin
547 1874 599 1962 qui
624 1871 680 1940 elia
705 1873 743 1940 ha
765 1873 880 1941 inteso.
926 1873 964 1940 Et
987 1895 1043 1960 per
1065 1885 1178 1961 questo
1202 1871 1234 1941 fu
1257 1870 1409 1940 mandato
1432 1873 1454 1940 il
1477 1873 1656 1960 Campan0,
1685 1871 1707 1938 il

331 1975 421 2065 quale
445 1975 523 2043 ultra
546 1977 603 2045 alia
626 1991 745 2067 quanto
769 2003 787 2046 a
810 1990 922 2068 questo
946 1979 1113 2066 proposito
1137 1979 1181 2044 mi
1197 1977 1280 2045 disse
1304 1976 1365 2046 due
1389 2002 1480 2046 cose:
1505 1977 1590 2045 l’una
1614 1976 1647 2044 fu
1666 1977 1707 2045 de

331 2080 358 2147 la
383 2080 549 2165 decretale,
573 2083 603 2150 di
620 2085 679 2151 che
701 2089 718 2151 e
742 2086 877 2172 seguito,
901 2096 1020 2173 quanto
1036 2085 1153 2151 Vostra
1170 2085 1316 2171 Signoria
1340 2082 1378 2151 da
1400 2083 1443 2152 lui
1468 2084 1541 2152 hara
1565 2084 1707 2167 inteso¹;

330 2186 428 2254 l'altra
451 2188 499 2270 fu,
524 2190 582 2257 che
606 2192 686 2258 circa
714 2191 742 2258 la
765 2191 974 2279 suspensione
998 2188 1029 2256 di
1052 2213 1120 2256 non
1143 2186 1317 2277 procedere
1341 2188 1369 2256 al
1399 2187 1519 2257 iudicio
1543 2190 1612 2257 sive
1635 2213 1707 2258 sen-

330 2295 429 2360 tentia
451 2295 493 2362 N.
517 2295 653 2383 Signore
684 2297 709 2363 si
738 2307 943 2378 contentava,
973 2295 1058 2363 ch'io
1081 2294 1262 2384 procedessi
1286 2307 1318 2364 et
1348 2297 1373 2362 si
1402 2295 1526 2378 finisse,
1557 2294 1707 2364 andando

331 2402 409 2488 perd
432 2423 557 2489 sempre
580 2401 773 2470 intratenuto
797 2421 827 2470 et
851 2401 1016 2470 mettendo
1039 2414 1150 2490 tempo
1174 2403 1206 2468 in
1230 2425 1351 2484 mezzo,
1377 2414 1408 2469 et
1431 2401 1501 2485 che,
1525 2426 1559 2470 se
1583 2401 1611 2469 la
1635 2425 1707 2469 sen·

331 2507 430 2574 tentia
452 2508 564 2574 veniva
588 2526 698 2576 contra
721 2508 749 2575 al
772 2531 820 2590 re,
849 2509 882 2575 io
905 2506 1173 2596 gagliardanrente
1198 2520 1229 2574 et
1253 2505 1410 2595 intrepide
1439 2507 1467 2575 la
1491 2507 1589 2591 dessi;
1621 2531 1655 2576 se
1679 2508 1708 2575 la

332 2613 444 2681 veniva
463 2635 522 2702 per
546 2612 566 2680 il
589 2637 638 2696 re,
669 2613 727 2682 che
751 2616 782 2680 io
806 2613 981 2702 guardassi,
1010 2610 1119 2680 ch’eila
1142 2614 1185 2679 sia
1209 2611 1270 2680 ben
1294 2612 1459 2681 iustificata
1487 2625 1518 2682 et
1533 2615 1638 2697 'iusta;
1666 2619 1708 2681 ne

332 2720 376 2784 mi
398 2718 542 2800 ricord0,
572 2720 630 2787 che
659 2719 702 2786 lui
726 2721 769 2786 mi
793 2719 913 2787 dicesse
941 2718 1020 2786 altro
1044 2720 1074 2785 iu
1098 2731 1208 2808 questa
1238 2720 1369 2787 materia
1393 2723 1434 2786 ne
1459 2719 1556 2787 credo
1581 2720 1641 2788 che
1665 2721 1710 2788 lui

332 2822 400 2892 dica
431 2824 618 2893 altrimente.
665 2825 793 2907 Questo
825 2826 867 2893 ho
898 2824 1009 2892 voluto
1033 2823 1098 2893 dire
1127 2848 1144 2891 a
1168 2825 1284 2892 Vostra
1307 2825 1470 2912 Signoria,
1499 2825 1617 2913 perche
1641 2825 1711 2893 Fel-

331 2941 438 2998 trense
460 2932 505 2997 mi
528 2933 639 3014 scrive,
669 2932 728 2999 che
751 2932 792 2999 N.
816 2931 952 3018 Signore
974 2929 1017 3018 gli
1040 2931 1109 2999 dice
1133 2931 1274 2998 havernri
1298 2929 1450 3000 mandato
1474 2955 1491 2997 a
1516 2931 1583 3000 dire
1607 2956 1665 3023 per
1689 2933 1709 3000 il
1752 2935 1755 2940 ’

332 3037 510 3124 Campano,
534 3036 592 3104 che
616 3059 671 3125 per
696 3039 802 3105 niente
826 3036 858 3104 io
882 3060 947 3103 non
972 3038 1055 3104 dessi
1078 3038 1234 3105 sententia
1257 3039 1358 3125 prima
1377 3037 1436 3104 che
1460 3037 1544 3106 fusse
1568 3039 1711 3107 resoluta

332 3141 359 3208 la
382 3143 499 3229 pratica
522 3140 561 3210 de
584 3142 612 3210 la
635 3165 722 3231 pace,
750 3156 782 3210 et
805 3143 863 3210 che
887 3141 1035 3210 venendo
1060 3141 1080 3208 il
1103 3161 1213 3230 tempo
1237 3141 1277 3209 de
1300 3141 1328 3210 la
1352 3145 1509 3212 sententia
1537 3145 1569 3212 io
1594 3144 1711 3213 dicessi

331 3259 548 3336 apertamente
571 3248 599 3315 al
622 3271 666 3331 re,
691 3248 775 3316 ch'io
798 3271 866 3315 non
889 3247 918 3314 la
939 3261 1054 3337 poteva
1078 3247 1167 3330 dare,
1191 3271 1225 3314 se
1248 3270 1315 3315 non
1340 3260 1452 3316 contra
1475 3247 1508 3316 di
1530 3249 1589 3333 lui,
1611 3253 1654 3320 ‘et
1677 3253 1711 3318 in

332 3366 445 3444 questo
468 3353 569 3421 modo
593 3355 766 3423 sostenessi
790 3353 818 3420 la
841 3377 924 3422 cosa.
970 3355 1007 3421 Io
1032 3377 1088 3442 per
1110 3377 1163 3420 me
1186 3377 1254 3420 non
1277 3355 1321 3421 mi
1351 3353 1481 3422 ricordo
1506 3356 1588 3424 che'l
1613 3357 1713 3425 Cam-

332 3482 416 3547 pano
448 3459 492 3526 mi
516 3457 625 3526 habbia
650 3457 738 3526 detto
762 3459 803 3526 tal
826 3458 948 3548 parole,
979 3483 1031 3526 ma
1058 3459 1129 3526 solo
1152 3471 1272 3548 quanto
1296 3459 1340 3527 ho
1364 3458 1454 3528 detto
1479 3461 1510 3528 di
1534 3485 1645 3550 sopra,
1680 3476 1713 3531 et

331 3565 474 3654 supplico
499 3588 515 3632 a
538 3567 579 3632 N.
603 3565 739 3653 Signore
763 3577 795 3633 et
817 3588 835 3631 a
858 3568 976 3634 Vostra
998 3566 1154 3654 Signoria,
1179 3566 1238 3633 che
1260 3565 1412 3652 vogliano
1437 3566 1651 3651 considerare,
1675 3594 1711 3638 se

332 3671 364 3737 io
392 3693 486 3758 possa
513 3694 570 3759 per
597 3683 707 3760 questa
736 3672 785 3738 via
808 3690 971 3738 sostenere
995 3683 1108 3760 questo
1132 3693 1220 3758 peso.
1267 3669 1409 3752 Quando
1439 3673 1471 3739 io
1502 3678 1709 3743 connoscerb

332 3775 505 3843 realmente
529 3774 610 3842 che'l
633 3798 667 3843 re
690 3774 782 3842 habbi
804 3787 906 3858 tortu,
935 3776 966 3842 io
990 3799 1074 3842 sono
1097 3775 1221 3864 persar
1244 3775 1272 3842 la
1295 3779 1453 3845 sententia
1477 3791 1588 3847 contra
1612 3779 1644 3848 di
1667 3780 1709 3849 lui

332 3877 502 3966 intrepide,
531 3880 626 3946 etiam
649 3879 708 3946 che
732 3877 843 3946 eadem
867 3878 944 3946 hora
968 3881 1000 3946 io
1028 3879 1103 3947 fussi
1128 3899 1215 3948 certo
1240 3880 1383 3950 doverne
1411 3906 1499 3951 esser
1521 3905 1648 3969 morto,
1679 3897 1710 3954 et

333 4006 398 4050 non
423 4007 463 4051 ne
486 3983 635 4053 dubitate.
682 3984 735 4052 Ma
758 3984 816 4052 che
839 3985 901 4052 Sua
924 3985 1043 4053 Santita
1064 3987 1090 4052 si
1113 3986 1276 4074 persuade,
1305 4011 1400 4056 corne
1423 3989 1464 4057 ha
1487 3989 1578 4059 detto
1602 4015 1619 4058 a
1643 3992 1709 4059 Pel-

331 4101 449 4170 trense,
472 4089 530 4157 che
554 4113 621 4158 non
645 4113 739 4178 possa
763 4113 866 4157 essere
890 4089 1067 4157 altrimente
1086 4104 1118 4160 et
1142 4091 1200 4160 che
1223 4094 1304 4161 seria
1326 4095 1416 4162 ruina
1441 4115 1513 4180 etc,
1537 4099 1570 4164 in
1595 4109 1709 4187 questo

333 4217 395 4262 con
419 4194 524 4263 debita
546 4197 722 4263 reverentia
745 4197 788 4262 mi
811 4218 902 4283 pare,
927 4194 985 4262 che
1008 4196 1048 4262 N.
1073 4195 1209 4285 Signore
1232 4197 1316 4267 forse
1340 4201 1366 4268 si
1390 4201 1539 4289 inganni,
1570 4205 1709 4271 maxime

333 4299 493 4369 sacendosi
517 4303 570 4390 qui
594 4301 614 4368 il
635 4301 783 4369 iudicio«

441 4407 505 4473 »La
532 4430 624 4474 causa
646 4419 693 4474 sta
721 4409 752 4473 in
776 4417 889 4495 questo
916 4407 1067 4474 termine:
1096 4406 1146 4474 aui
1173 4406 1341 4492 diciaotto,
1371 4413 1431 4480 che
1462 4411 1540 4480 fu'u
1569 4413 1601 4482 dt
1631 4415 1711 4484 della

334 4513 498 4594 citatione,
527 4535 693 4601 comparse
724 4511 751 4578 la
780 4513 866 4578 reina
893 4511 1163 4599 personalmente,
1193 4515 1382 4602 interposuit
1405 4518 1655 4607 appellationem
1679 4523 1711 4588 in

334 4670 435 4726 ziehen.
466 4670 534 4740 Jetzt
554 4669 684 4726 idrchtete
702 4687 765 4723 nran
784 4668 908 4735 naimlich,
928 4668 974 4722 der
987 4671 1066 4793 Papst
1084 4670 1170 4725 dt'trste
1189 4673 1237 4725 mit
1256 4672 1303 4726 der
1315 4673 1402 4728 Sache
1421 4675 1500 4730 Ernst
1520 4679 1636 4733 macheu
1657 4679 1711 4734 und

334 4741 402 4794 auch
426 4741 498 4794 ohne
522 4741 563 4793 die
587 4757 641 4794 von
664 4740 719 4792 ihm
763 4739 913 4794 esorderten
939 4740 1070 4794 Kauteen
1093 4740 1135 4794 die
1154 4741 1278 4796 Mandata
1302 4743 1349 4796 der
1372 4745 1469 4801 beiden
1492 4747 1637 4802 Kardina'de
1665 4767 1711 4804 an·

334 4809 471 4864 nuilieren.
510 4811 559 4863 Die
579 4757 795 4880 Auiiosungirei
816 4810 924 4863 Brewer
942 4811 1014 4880 giebt
1033 4810 1128 4864 lreinen
1147 4811 1220 4866 Sinu.

441 4879 502 4934 ¹D.
521 4879 547 4933 h.
567 4879 669 4948 Campe
710 4881 737 4932 io
761 4881 806 4933 hat
831 4879 873 4934 die
891 4879 1088 4934 Dekretalbulle
1107 4882 1262 4937 vemichtet.
1293 4883 1385 4956 Vergl.
1413 4885 1465 4940 Die
1483 4889 1636 4960 papstliche
1656 4891 1712 4946 De-

335 4950 441 5014 kretale,
460 4949 528 5004 Hist.
546 4949 635 5020 jahrb.
658 4895 724 5002 riis
743 4950 769 5004 S.
792 4951 823 5019 38
842 4949 860 5004 f.
879 4963 921 5017 45.
