3782 5532
171 285 235 342 ¹529
254 266 315 324 Mai.
837 315 844 324 .
1497 260 1535 320 81

168 433 199 498 in
223 429 380 516 consiglio
404 453 465 497 con
481 429 512 496 S.
529 429 574 496 M.
592 428 837 497 Cristianissima
861 439 892 495 et
916 427 1052 496 habhino
1072 430 1205 496 autoritd
1229 440 1260 496 et
1282 428 1383 497 modo
1408 429 1438 497 di
1463 430 1539 499 darli

169 539 263 618 eiuro,
287 536 416 626 quando
439 533 565 603 vedano
590 546 621 602 et
644 557 839 615 conoscan0‚
869 533 950 602 che’l
974 534 1221 602 Cristianissinro
1249 533 1327 602 faeci
1355 534 1393 602 da
1417 535 1538 604 dovero

169 661 198 710 et
220 640 315 709 habbi
337 642 426 709 bono
451 640 574 723 ordine,
598 640 717 708 disere
740 639 1007 728 gagliardamente
1031 638 1058 705 la
1082 661 1204 727 guerra,
1229 651 1260 706 et
1283 639 1412 708 risoluta
1434 643 1541 730 voglia

169 747 199 815 di
221 746 307 814 farla.
354 747 393 814 Et
417 769 510 815 come
533 748 564 813 in
589 765 714 814 secreto
743 747 828 813 m'ha
852 747 940 814 detto
965 745 1177 826 Eboracense,
1205 769 1349 832 pensano
1378 748 1480 816 ancho
1510 749 1540 816 di

170 852 243 920 darli
272 877 336 920 una
363 852 448 920 bona
475 851 577 920 banda
600 853 640 920 de
663 851 795 940 Inglesi,
818 863 850 918 et
873 875 962 939 pare,
992 851 1018 917 si
1041 850 1205 933 risolvin0,
1234 875 1268 918 se
1290 851 1323 918 lo
1346 853 1541 941 Imperatore

168 962 258 1027 verra
281 960 315 1025 in
329 958 426 1042 Italia,
451 958 531 1026 che'l
547 958 795 1026 Cristianissimo
818 956 1011 1024 simihnente
1033 957 1064 1024 vi
1088 958 1180 1044 passi,
1205 976 1235 1024 et
1259 959 1291 1023 in
1307 956 1386 1026 fatto
1408 962 1453 1026 mi
1468 984 1542 1048 pare

170 1064 199 1132 di
221 1063 356 1146 vedere,
385 1065 442 1132 che
471 1065 580 1132 hanno
608 1063 712 1151 voglia
740 1063 772 1131 di
799 1063 863 1130 fare
891 1063 930 1130 da
958 1062 1090 1144 dover0,
1121 1085 1155 1130 se
1182 1085 1259 1151 pure
1287 1064 1309 1131 il
1336 1076 1446 1154 tempo
1475 1091 1542 1133 non

170 1173 295 1260 passer&
323 1171 356 1236 in
380 1169 627 1251 consultatione,
656 1181 687 1237 et
715 1172 758 1236 mi
787 1192 860 1258 pare
889 1168 989 1236 anche
1017 1167 1048 1234 di
1077 1169 1323 1256 comprendere,
1354 1170 1413 1239 che
1442 1175 1543 1261 questi

171 1301 237 1344 non
261 1289 380 1365 troppo
397 1275 564 1344 volentieri
587 1288 701 1343 stanno
718 1277 750 1342 in
767 1293 877 1364 questa
892 1297 992 1361 presa,
1017 1286 1047 1341 et
1064 1273 1170 1356 credo,
1195 1275 1253 1343 che
1270 1275 1398 1364 quando
1414 1276 1544 1346 fusseno

172 1383 303 1452 resoluti
327 1381 359 1449 di
382 1395 491 1471 questa
522 1405 596 1448 cosa
619 1380 670 1448 del
693 1381 911 1458 matrimonio
939 1403 995 1468 per
1018 1380 1045 1447 la
1070 1381 1160 1470 quale
1188 1403 1262 1468 pare
1285 1381 1356 1449 loro
1385 1382 1416 1450 di
1441 1407 1545 1452 essere

172 1490 258 1578 ligati
282 1487 340 1555 alla
364 1488 480 1556 cintola
503 1487 553 1555 del
578 1487 835 1569 Cristianissimo,
859 1485 1037 1554 sarebbono
1061 1508 1116 1574 per
1140 1486 1249 1574 pigliar
1271 1487 1408 1556 accordo
1432 1485 1494 1558 co'n
1518 1491 1546 1558 la

173 1596 295 1664 Maesta
319 1595 465 1676 Cesarea,
490 1605 521 1661 et
543 1592 741 1661 Eboracense
764 1591 864 1660 molte
880 1592 965 1660 volte
990 1616 1042 1660 me
1065 1590 1126 1658 l'ha
1143 1591 1247 1660 detto:
1272 1592 1350 1662 lacta
1373 1595 1430 1663 hac
1447 1596 1547 1663 disso

174 1701 297 1769 lutione
328 1701 523 1768 matrimonii
551 1698 635 1766 bene¹
662 1697 862 1766 inveniemus
891 1697 1026 1767 modum
1058 1698 1274 1766 concordandi
1304 1724 1376 1768 cum
1402 1702 1548 1785 Caesare,

176 1829 206 1876 et
229 1831 297 1875 non
316 1820 408 1875 erunt
430 1805 483 1874 ulli
511 1805 675 1873 clamores.
722 1805 868 1872 Pensano
892 1806 992 1892 prima
1016 1804 1048 1871 di
1064 1824 1231 1873 contentar
1251 1806 1280 1872 la
1296 1808 1404 1894 regina
1420 1809 1548 1875 lascian-

177 1913 242 1980 doli
266 1912 286 1980 il
303 1925 385 1980 stato
403 1912 461 1980 che
477 1913 573 1992 tiene,
598 1923 630 1978 et
645 1923 728 1979 tutto
745 1911 854 1978 ch'ella
877 1933 1003 1999 sapesse
1020 1907 1215 1978 domandare
1237 1925 1361 1999 praeter
1378 1937 1548 2001 personam

178 2021 272 2107 regis,
297 2030 329 2085 et
352 2017 404 2085 col
425 2018 620 2106 Imperatore
644 2015 773 2084 lasciarli
796 2016 954 2084 ilcredito
978 2015 1069 2083 loro¹
1092 2037 1123 2084 et
1146 2016 1209 2086 fare
1233 2041 1309 2085 seco
1329 2043 1416 2086 novo
1441 2043 1550 2107 paren-

178 2123 252 2194 tado
277 2122 358 2191 della
372 2121 512 2211 figliuola
535 2121 585 2190 del
601 2123 795 2210 Imperatore
820 2121 871 2188 nel
893 2120 1037 2209 figliuolo
1062 2121 1093 2189 di
1109 2136 1223 2212 questo
1247 2147 1291 2206 re,
1315 2124 1473 2193 amendue
1498 2149 1551 2192 na-

179 2231 284 2313 turali,
314 2249 346 2298 et
368 2251 424 2317 per
448 2228 539 2296 molti
567 2228 635 2295 altri
663 2229 761 2294 mezzi
790 2239 976 2295 contentare
1000 2228 1031 2295 S.
1055 2230 1100 2297 M.
1126 2230 1277 2312 Cesarea,
1306 2242 1341 2299 ut
1364 2233 1430 2319 ipse
1463 2229 1550 2313 dixit,

180 2334 322 2426 parendo
345 2337 401 2424 poi
423 2334 494 2401 loro
511 2334 607 2402 haver
630 2333 830 2422 guadagnato
854 2335 943 2418 assai,
968 2334 1114 2403 havendo
1131 2338 1320 2421 conseguito
1344 2357 1457 2427 questo
1480 2338 1552 2405 loro

181 2442 339 2511 desiderio
363 2442 443 2508 circa
459 2441 699 2508 matrimonium
724 2453 755 2508 et
778 2439 936 2507 liberatosi
960 2439 1037 2508 dalla
1053 2465 1145 2530 spesa
1168 2455 1199 2511 et
1222 2445 1394 2532 sugettion‚
1419 2444 1477 2511 che
1498 2467 1553 2531 per

182 2561 295 2640 questo
318 2569 375 2636 par
397 2546 468 2614 loro
491 2546 606 2614 havere
630 2545 680 2612 col
697 2545 956 2613 Cristianissimo.
996 2547 1074 2614 Cosi
1099 2546 1177 2616 dalle
1193 2551 1300 2636 parole
1325 2562 1356 2618 et
1372 2550 1438 2617 altri
1462 2551 1553 2637 segni

183 2657 226 2722 mi
248 2677 323 2744 pare
347 2652 378 2720 di
401 2652 508 2735 veder‚
532 2652 591 2719 che
615 2653 660 2719 sia
683 2651 714 2717 lo
739 2653 910 2720 intrinseco
935 2652 1035 2720 loro«

288 2759 379 2827 Sono
407 2758 509 2827 alcuni
536 2759 657 2846 giomi,
687 2757 745 2825 che
769 2757 800 2825 di
823 2758 948 2847 Spagna
975 2781 1153 2846 passorono
1177 2758 1279 2826 alcuni
1307 2763 1499 2849 personaggi
1523 2760 1553 2828 di

185 2878 282 2936 conto
307 2868 339 2933 in
363 2863 504 2946 Fiandra,
529 2865 612 2932 dove
636 2863 782 2933 doveano
811 2864 874 2932 fare
898 2889 959 2932 una
983 2863 1066 2932 dieta
1095 2863 1145 2931 alli
1168 2865 1199 2932 X
1224 2865 1254 2932 di
1278 2880 1391 2956 questo
1420 2866 1452 2934 di
1474 2879 1556 2935 tutte

185 2972 286 3063 quelle
301 2984 385 3039 terre
409 2982 440 3038 et
455 2972 536 3053 stati,
560 2989 591 3038 et
615 2972 749 3039 nomine
765 2971 908 3039 Caesaris
933 2969 1115 3038 dimandare
1138 2972 1224 3039 aiuto
1244 2972 1276 3038 di
1291 2973 1355 3039 XV
1383 2973 1457 3040 mila
1480 2973 1557 3042 fanti

185 3079 288 3167 pagati
311 3100 367 3166 per
389 3075 476 3144 Italia
499 3088 530 3144 et
555 3096 618 3161 500
642 3076 681 3144 de
704 3078 775 3145 loro
806 3078 929 3145 homini
953 3075 1081 3144 d'arme.
1127 3077 1205 3144 Non
1228 3101 1265 3144 so
1295 3078 1402 3168 quello
1431 3079 1557 3148 conclu-

186 3183 340 3266 deranno,
363 3206 415 3251 ma
430 3205 487 3271 per
503 3181 608 3271 quello
632 3184 658 3249 si
674 3185 777 3265 stima,
801 3184 832 3248 in
851 3184 928 3270 ogni
952 3181 1053 3249 modo
1069 3204 1152 3250 sono
1175 3206 1232 3271 per
1246 3185 1423 3272 riportarne
1438 3186 1558 3274 grande

187 3289 333 3358 sussidio.
378 3290 414 3356 Io
439 3287 546 3370 credo,
570 3288 629 3355 che
652 3289 693 3356 N.
715 3288 851 3376 Signore
874 3311 930 3376 per
953 3288 1029 3356 altre
1051 3289 1101 3355 vie
1125 3287 1226 3356 debba
1248 3291 1413 3358 intendere
1438 3291 1557 3378 meglio

188 3397 319 3480 ilvero,
348 3408 379 3464 et
402 3418 469 3463 non
498 3394 529 3462 di
557 3417 656 3463 meno
684 3418 751 3462 non
778 3394 909 3462 lasciarh
938 3392 968 3461 di
993 3392 1065 3461 dare
1093 3396 1201 3462 avviso
1231 3395 1262 3462 di
1291 3411 1409 3484 quanto
1439 3396 1470 3464 di
1499 3401 1559 3487 qul

187 3505 281 3592 potrh
304 3501 481 3570 intendere.

296 3609 465 3696 »Monsgn
495 3607 527 3675 di
554 3608 673 3674 Baiona
701 3625 758 3694 per
787 3629 844 3673 sue
873 3605 985 3675 lettere
1013 3606 1188 3674 d'Ambosa
1219 3609 1250 3676 di
1279 3607 1355 3676 duoi
1385 3607 1417 3676 di
1445 3629 1559 3700 questo

188 3719 298 3798 scrive,
324 3716 382 3783 che
406 3726 490 3782 stava
513 3737 531 3780 a
555 3711 667 3780 ordine
689 3734 745 3800 per
768 3713 881 3800 partire
905 3735 961 3802 per
983 3713 1102 3795 Roma,
1126 3714 1185 3782 che
1209 3713 1352 3782 haveano
1376 3715 1559 3796 deliberato,

190 3821 368 3909 indugiasse
396 3832 485 3888 tanto
514 3816 733 3886 intendessino
762 3817 878 3907 quello,
908 3818 967 3886 che
994 3818 1015 3885 il
1039 3819 1238 3888 Gioacchino
1266 3820 1399 3890 havesse
1428 3834 1560 3910 operato

190 3951 250 3994 con
274 3928 317 3996 N.
340 3927 488 4014 signore,
511 3925 628 4012 perche
651 3923 783 3992 andasse
807 3923 926 4012 meglio
950 3924 1084 3993 risoluto
1109 3937 1139 3992 et
1162 3924 1366 3995 informato«

294 4033 345 4100 De
373 4032 394 4099 li
422 4031 524 4113 brevi,
552 4031 611 4098 che
634 4031 675 4098 V.
700 4030 731 4097 S.
761 4031 804 4097 mi
828 4030 971 4097 indrizzh
1000 4053 1056 4120 per
1083 4030 1112 4098 le
1135 4055 1191 4099 sue
1220 4032 1330 4100 ultime
1360 4035 1391 4102 di
1422 4035 1502 4102 XIX
1532 4034 1563 4102 di

191 4161 297 4205 marzo
306 4144 328 4220 ²,
352 4136 372 4202 il
388 4137 484 4204 Rmo.
508 4137 534 4202 si
557 4135 639 4204 tolse
662 4135 683 4202 il
698 4159 768 4219 suo,
793 4135 953 4204 essendoli
969 4137 1103 4224 capitato
1129 4138 1159 4204 in
1181 4161 1278 4207 mano
1302 4139 1323 4206 il
1338 4163 1459 4224 mazza,
1484 4154 1514 4208 et
1530 4143 1562 4209 io

191 4243 317 4312 mandai
339 4241 361 4310 il
383 4265 443 4310 suo
458 4266 476 4310 a
492 4255 601 4333 questa
616 4243 737 4310 Maesta
759 4264 815 4331 per
837 4241 859 4308 il
881 4243 950 4310 mio
966 4246 1146 4327 secretario,
1170 4264 1200 4312 et
1217 4243 1248 4312 di
1264 4248 1319 4333 poi
1342 4245 1400 4314 feri
1417 4246 1446 4313 la
1461 4270 1562 4329 seusa,

298 4481 309 4512 ¹
326 4473 390 4527 Vou
408 4471 617 4527 verschiedenen
635 4471 768 4525 Anleihen
787 4472 829 4525 bei
847 4471 880 4526 Η.
894 4471 967 4526 VIII.
987 4489 1033 4526 aus
1052 4472 1104 4526 den
1122 4473 1219 4544 Jahren
1241 4489 1308 4544 1517
1322 4475 1374 4528 und
1390 4490 1457 4545 ¹522
1475 4476 1564 4530 schul-

193 4545 253 4600 dete
272 4543 336 4598 Xarl
354 4543 387 4597 V.
407 4543 469 4597 dem
489 4542 580 4614 Xonig
598 4542 640 4596 die
660 4543 769 4596 Summe
788 4559 842 4596 von
861 4560 883 4596 c.
904 4557 1017 4615 290000
1035 4543 1166 4598 Dulraten.
1199 4544 1290 4615 Vergl.
1310 4545 1354 4598 Du
1372 4546 1457 4614 Mont,
1477 4547 1533 4602 Cor
1552 4565 1564 4600 s

193 4616 396 4688 diplomatique‚
421 4613 466 4668 IV.
486 4628 510 4682 2,
535 4631 559 4685 p.
578 4614 594 4668 8
614 4612 667 4666 und
685 4613 727 4678 48.
765 4613 856 4666 Dutch
879 4613 931 4668 den
955 4613 1188 4685 Friedensvertrag
1210 4632 1264 4669 von
1284 4615 1408 4670 Cambrai
1433 4618 1500 4688 ging
1541 4619 1565 4672 ie

195 4685 292 4740 Schuld
311 4684 359 4739 auf
374 4683 457 4739 Franz
476 4683 496 4738 1.
516 4701 570 4738 von
589 4683 748 4738 Frankreieh
766 4684 838 4737 uber.

299 4755 455 4810 ’GemeInt
474 4754 533 4810 sind
551 4753 594 4808 die
607 4754 718 4821 Breven,
737 4754 764 4807 in
783 4753 870 4808 denen
889 4753 936 4808 der
948 4755 985 4810 Pa
1005 4765 1029 4809 st
1048 4755 1110 4810 dem
1123 4756 1214 4826 Konig
1233 4755 1286 4810 und
1305 4757 1367 4810 dem
1382 4757 1506 4812 Xardinal
1526 4757 1567 4812 lin

196 4825 236 4881 die
250 4826 466 4882 Gluckwunsehe
485 4842 517 4879 zu
536 4827 624 4880 seiner
642 4824 791 4896 Genesung
808 4824 896 4880 danlt.
934 4825 960 4880 S.
980 4773 1026 4879 das
1046 4826 1190 4881 Schreiben
1209 4826 1330 4881 Salviatis
1349 4845 1414 4882 vom
1435 4845 1474 4902 19.
1494 4830 1566 4883 Μήτι

197 4897 237 4950 bei
255 4898 335 4953 Rusc.
355 4896 408 4950 und
427 4896 579 4964 Poreacchi‚
600 4895 642 4948 die
661 4895 818 4966 englischen
837 4895 1054 4950 Gltrclrwr'msche
1073 4897 1144 4950 oben
1163 4897 1209 4951 Nr.
1232 4913 1271 4969 39.

250 5002 355 5052 Rheae.
371 5001 497 5046 Rdmlsehe
512 5001 669 5046 volumenta.
