3810 5528
173 347 241 400 1530
258 331 324 402 Juni.
822 355 827 366 ¹
1478 324 1538 384 149

276 491 359 558 Cum
376 493 408 556 in
425 489 511 558 brevi
527 489 581 558 fiat
596 492 719 558 mentio
737 490 776 558 de
793 495 932 575 notariis,
950 495 1002 583 qui
1019 494 1133 582 publici
1148 496 1230 562 servi
1247 513 1330 577 sunt,
1355 507 1386 561 et
1402 518 1539 585 quorum

169 595 312 664 officium
336 608 394 679 est,
418 608 450 665 ut
475 599 536 664 sint
560 598 639 664 meri
663 610 868 666 annotatores
893 623 1020 682 eorum,
1048 624 1128 689 quae
1151 613 1254 689 partes
1278 612 1330 668 aut
1353 599 1471 668 iudices
1496 599 1540 669 di-

168 715 258 785 cunt,
287 701 401 770 durum
426 702 559 785 videtur,
588 702 674 792 quod
702 703 892 772 reducantur
920 704 958 772 ad
987 707 1231 789 conscientiam,
1260 730 1332 773 cum
1358 705 1461 796 (non)
1487 707 1539 774 de-

166 808 262 876 beant
288 809 347 896 ipsi
378 811 537 898 propriam
568 810 600 876 in
625 809 672 876 bis
704 808 865 877 attendere
897 813 1139 895 conscientiam,
1170 811 1226 880 sed
1254 835 1367 880 eorum
1396 812 1536 880 officium

167 913 383 982 indifferenter
412 937 575 998 exercere3
609 939 681 982 narn
711 917 806 983 etiam
830 914 948 984 iudices
978 941 1044 984 non
1069 917 1185 986 debent
1214 921 1297 986 iuxta
1326 941 1437 986 eorum
1463 943 1538 987 con-

167 1021 333 1088 scientiam
356 1044 390 1088 se
414 1020 566 1108 regulare.

271 1127 408 1195 Instatur
424 1128 538 1217 itaque,
562 1139 596 1194 ut
612 1126 730 1196 dictum
747 1126 842 1196 breve
857 1142 1024 1197 revocetur
1040 1131 1090 1199 vel
1106 1131 1215 1198 saltem
1235 1130 1275 1198 ad
1290 1131 1384 1199 talem
1401 1131 1536 1200 formam

166 1232 343 1316 reducatur,
371 1245 406 1300 ut
430 1239 580 1302 censentl
608 1233 785 1323 supradicta
814 1236 1086 1319 inconvenientia3
1123 1249 1153 1306 et
1176 1240 1247 1326 quia
1278 1261 1333 1326 per
1357 1239 1418 1306 hoc
1444 1237 1538 1306 breve

165 1362 233 1406 non
250 1338 340 1407 datur
357 1341 480 1408 licentia
496 1339 591 1407 libere
609 1339 733 1407 dicendi
757 1344 946 1409 sententiam
963 1366 1063 1424 suam,
1089 1357 1119 1410 et
1135 1345 1180 1410 sic
1196 1356 1317 1412 certum
1334 1363 1392 1426 est,
1417 1345 1538 1412 nullum

165 1447 277 1534 vigore
306 1447 393 1514 istius
421 1444 523 1513 brevis
552 1445 667 1536 aliquid
695 1446 867 1529 dicturum,
896 1450 1079 1536 praesertim
1109 1449 1189 1531 illos,
1215 1449 1360 1538 (quibus)
1386 1462 1419 1519 ut
1446 1474 1538 1540 supra

165 1549 285 1620 dictum
312 1565 359 1620 est
382 1551 413 1619 id
438 1565 486 1621 est
508 1553 718 1641 prohibitum,
744 1554 954 1642 supplicemur
978 1554 1139 1622 Sanctmo.
1165 1555 1250 1621 Dno.
1274 1555 1327 1637 N,
1353 1579 1449 1643 quem
1474 1579 1538 1624 cre·

165 1656 270 1725 dimus
295 1660 327 1725 in
345 1659 402 1726 hac
426 1670 458 1726 et
480 1659 545 1725 aliis
570 1659 718 1726 omnibus
744 1661 843 1727 causis
867 1682 934 1726 non
949 1660 1029 1727 velle
1053 1661 1112 1727 nisi
1136 1661 1312 1742 veritatem,
1336 1672 1370 1728 ut
1392 1660 1538 1748 dignetur

164 1763 316 1831 omnibus
345 1776 376 1832 et
399 1766 580 1853 praesertim
610 1765 668 1847 bis,
697 1766 748 1854 qui
774 1766 918 1832 Venetiis
946 1764 1094 1853 prohibiti
1123 1765 1262 1848 fuerunt,
1292 1767 1333 1834 ita
1356 1767 1537 1850 rescribere,

165 1889 197 1936 ut
221 1869 266 1936 illi
281 1890 390 1959 aperte
413 1883 445 1938 et
460 1871 540 1938 clare
558 1883 765 1958 cognoscant,
789 1871 994 1939 Sanctitatem
1011 1871 1107 1938 Suam
1122 1871 1213 1953 velle,
1237 1871 1325 1962 quod
1341 1874 1400 1960 ipsi
1415 1876 1539 1961 possint

164 1987 195 2043 et
211 1975 349 2043 debeant
373 1999 431 2065 pro
448 1978 577 2044 veritate
601 1977 675 2065 quid
698 1979 730 2042 in
755 1978 812 2044 hac
836 2000 927 2044 causa
951 1979 1096 2059 sentiant,
1120 1978 1216 2045 libere
1241 1991 1272 2046 et
1289 2002 1398 2047 secure
1423 1979 1537 2062 dicere,

164 2101 194 2148 et
219 2105 286 2172 quo
310 2083 400 2149 citius
422 2082 575 2150 Sanctitas
591 2082 652 2150 Sua
676 2082 707 2150 id
732 2085 833 2150 iacere
857 2081 1044 2170 dignabitur,
1070 2107 1109 2150 eo
1127 2085 1216 2151 citius
1240 2086 1537 2153 inconvenientibus

163 2186 391 2275 providebitur.

377 2329 468 2400 Vergl.
488 2330 529 2383 die
549 2330 752 2400 Bemerlrungen
776 2347 806 2383 zu
831 2330 877 2383 der
896 2330 1135 2402 vorhergeheuden
1154 2330 1292 2384 Nummer.
1331 2321 1403 2386 Uber
1425 2332 1466 2386 die
1491 2351 1536 2387 an-

271 2417 395 2488 gebliche
413 2417 620 2488 Bescbrrinkung
646 2417 692 2471 der
710 2417 997 2489 Meinungsiusserung
1021 2419 1102 2472 durch
1122 2419 1174 2472 den
1193 2419 1273 2489 Papst
1297 2437 1317 2473 s,
1338 2429 1418 2474 unten
1438 2419 1486 2476 Nr.
1504 2439 1534 2492 95

271 2505 324 2559 une
343 2505 385 2576 96.

820 2649 883 2732 83.

249 2786 322 2870 Jac.
348 2787 508 2854 Salviati
531 2809 569 2854 an
595 2787 741 2856 Kardinal
766 2788 1013 2877 Campeggio.
1061 2791 1156 2871 Rom,
1185 2812 1233 2876 14.
1257 2791 1330 2875 juni
1358 2811 1450 2876 1530.

272 2927 423 2999 Mitteilung
442 2929 501 2980 tiber
519 2929 562 2980 die
580 2931 606 2981 in
628 2929 741 3000 Bologna
766 2932 812 2982 mit
829 2930 878 2982 deri
897 2932 1037 3002 errgliscben
1059 2929 1201 2984 Gesandten
1222 2931 1384 3003 gepflogenen
1408 2932 1538 2986 Verband-

164 3016 259 3086 langen
277 3033 366 3086 wegen
385 3015 566 3086 Verscbiebung
585 3018 627 3070 des
647 3017 776 3087 Proresses.
814 3018 901 3090 Konig
920 3018 1042 3071 Heinrich
1060 3019 1103 3072 bat
1123 3021 1245 3072 nunmehr
1262 3023 1329 3073 seina
1349 3021 1537 3093 Einruilligung

164 3103 229 3172 daza
246 3104 366 3173 gegeben,
389 3105 442 3156 und
460 3103 539 3156 daber
562 3110 633 3176 nrbge
654 3104 810 3176 Campeggio
830 3106 893 3159 auch
911 3107 967 3159 dem
988 3107 1080 3160 Kaiser
1098 3108 1140 3158 die
1161 3107 1267 3160 Grriude
1286 3111 1415 3180 vorlegen,
1433 3111 1476 3163 die
1486 3111 1538 3181 seir

163 3191 210 3244 den
224 3189 353 3262 Ausscbub
371 3192 495 3263 sprecbeu,
513 3193 594 3245 demit
613 3193 677 3246 auch
695 3194 776 3246 dieser
793 3195 836 3246 die
850 3193 926 3247 Sache
945 3195 1039 3266 billige
1077 3195 1108 3247 In
1127 3197 1183 3249 dem
1197 3197 1324 3267 Ausscbub
1342 3199 1404 3268 liegt
1422 3199 1464 3251 die
1482 3201 1538 3252 ein-

164 3281 218 3349 (ige
237 3278 380 3350 Hoffnung,
404 3281 446 3332 die
464 3279 662 3351 Angelegenbeii
685 3283 720 3333 im
739 3281 848 3334 Frieden
871 3300 927 3351 zum
947 3283 1062 3354 Austrag
1086 3283 1191 3354 bringeri
1215 3302 1245 3353 ru
1269 3285 1374 3338 baianen.
1412 3285 1446 3339 Es
1469 3288 1538 3340 wird

162 3375 208 3438 gut
226 3370 289 3432 sein,
312 3369 369 3420 dem
388 3367 475 3439 Kenig
496 3369 641 3439 gegeneiber
664 3371 712 3421 deri
732 3369 813 3422 Punici
836 3387 865 3438 (u
885 3371 995 3435 betonerr,
1019 3372 1077 3439 dass
1096 3371 1242 3426 Katharina
1266 3380 1331 3440 trote
1353 3373 1399 3425 der
1418 3373 1469 3427 Ehe
1490 3376 1536 3426 mit

166 3453 262 3508 Arrhur
281 3455 413 3526 Jungsrau
429 3457 557 3526 gebiieberr
575 3458 618 3509 sei.

463 3578 740 3648 Reverendissimo
766 3582 944 3670 Campegio
973 3584 1122 3682 143tunii
1152 3604 1243 3670 153⁰·

268 3701 381 3769 Debbe
398 3703 516 3769 Vostra
532 3701 678 3789 Signoria
694 3703 784 3772 Rma.
809 3703 986 3786 ricordarsi,
1011 3705 1069 3772 che
1088 3729 1146 3793 per
1169 3729 1236 3773 non
1251 3706 1359 3774 lasciar
1382 3708 1536 3796 procedes

165 3808 195 3872 in
218 3808 246 3874 la
271 3831 364 3874 causa
387 3806 604 3894 d'Inglaterra,
634 3832 727 3876 come
752 3811 831 3877 s’era
859 3809 933 3878 fatta
960 3812 1121 3894 instantia,
1150 3813 1192 3878 N.
1217 3813 1352 3900 Signore
1381 3813 1464 3882 disse
1487 3815 1536 3882 alli

165 3911 291 4002 Signori
316 3911 549 3995 ambasciatori,
579 3914 637 3982 che
662 3937 758 3982 erano
787 3915 904 3982 ailbora
932 3915 1031 4004 uper
1059 3917 1080 3984 il
1103 3940 1151 3999 re,
1182 3918 1241 3986 che
1264 3917 1325 3985 Sua
1348 3918 1467 3988 Santitd
1490 3922 1536 3988 in-

164 4020 301 4088 tratteria
323 4017 354 4084 le
378 4041 462 4101 cose,
487 4018 613 4108 quando
630 4020 701 4088 loro
724 4021 743 4088 li
768 4033 1029 4109 promettessero,
1053 4023 1112 4091 che
1133 4047 1188 4111 per
1212 4048 1254 4091 un
1278 4046 1322 4112 40
1337 4026 1452 4112 giomi,
1477 4027 1535 4094 che

165 4125 188 4190 si
211 4124 391 4214 pigliavano
415 4123 446 4192 di
469 4137 590 4212 tempo,
615 4148 681 4193 non
705 4128 731 4194 si
755 4130 922 4195 innovaret
950 4130 981 4195 in
1005 4128 1119 4217 Anglia
1143 4153 1217 4196 cosa
1240 4129 1368 4214 alcuna;
1403 4131 1473 4198 loro
1496 4135 1536 4200 ri·

164 4252 308 4317 sposer0‚
337 4229 395 4297 che
424 4254 490 4297 non
519 4231 682 4300 havevano
710 4235 762 4321 gib
789 4232 902 4301 sacultt
931 4234 1040 4302 alcuna
1069 4235 1099 4302 di
1127 4248 1304 4323 prometter
1331 4249 1455 4328 questo,
1484 4262 1536 4306 ma

165 4335 221 4403 che
244 4337 453 4404 scriverriano
477 4339 508 4404 in
534 4337 635 4406 modo
659 4351 690 4407 et
714 4340 774 4408 che
790 4363 1015 4409 conoscevano
1039 4341 1100 4417 tale
1123 4341 1253 4410 l'animo
1279 4342 1329 4410 del
1353 4343 1477 4412 Sermo.
1501 4367 1536 4412 re

165 4464 232 4524 suo,
262 4441 322 4510 che
349 4445 514 4511 teneriano
543 4467 599 4532 per
627 4457 726 4526 certo,
755 4448 781 4512 si
809 4445 884 4514 faria
911 4460 1030 4535 quanto
1059 4447 1120 4515 Sua
1143 4447 1340 4516 Beatitudine
1368 4451 1533 4518 ricercava.

165 4546 250 4614 Hora
274 4549 303 4615 ci
328 4552 345 4615 ὲ
368 4549 503 4637 risposta
526 4548 557 4617 di
581 4549 643 4617 Sua
667 4551 802 4634 Maesta,
833 4576 899 4620 non
923 4553 994 4620 solo
1019 4553 1165 4621 d’essersi
1188 4565 1370 4622 contentata
1394 4556 1467 4623 nelli
1491 4578 1534 4645 40

165 4651 193 4719 di
217 4678 286 4721 non
309 4655 443 4721 innovar
466 4678 541 4723 cosa
556 4655 676 4739 alcuna,
701 4681 753 4724 ma
776 4658 834 4726 che
857 4658 877 4725 li
893 4659 1026 4746 piacerb,
1050 4661 1108 4727 che
1125 4662 1196 4727 sino
1219 4660 1257 4727 all
1273 4661 1444 4730 settembre
1468 4685 1535 4730 non

165 4761 189 4824 si
211 4759 351 4848 proceda
373 4759 565 4845 altrimente,
591 4775 622 4830 et
646 4763 703 4831 che
727 4777 773 4832 tra
796 4776 886 4832 tanto
910 4777 1085 4852 promette,
1111 4765 1169 4834 che
1193 4766 1243 4834 dal
1266 4779 1360 4835 canto
1384 4791 1443 4836 suo
1468 4792 1534 4838 non

271 4962 279 4990 ¹
300 4954 336 5008 So
355 4954 396 5009 die
415 4955 594 5024 Handschriit,
614 4957 688 5012 wohl
706 4959 798 5012 besser
816 4967 930 5013 cessent.
