3782 5532
350 332 393 396 90
1570 343 1625 397 Mai
1645 359 1720 414 15²9·

350 505 531 571 tornassino
554 503 582 570 la
605 506 737 572 muttina
759 503 817 572 alle
843 505 889 572 IX
913 505 1002 586 hore,
1027 503 1047 570 il
1063 504 1122 572 che
1145 503 1252 570 fecero
1276 516 1309 570 et
1330 502 1581 592 presentandosi‚
1605 503 1664 571 che
1687 501 1721 570 fu

351 609 559 693 hiermattina,
583 633 600 676 a
622 610 654 676 S.
671 610 703 676 S.
727 611 818 679 Rma.
843 610 915 677 nell’
940 612 1022 678 uscir
1046 609 1085 677 de
1109 632 1242 692 camera,
1267 633 1335 676 essa
1358 632 1425 676 uon
1449 608 1532 676 disse
1554 608 1613 676 lor'
1629 609 1721 690 altr0,

350 739 402 783 ma
425 715 619 783 licondusse
642 715 698 783 alla
714 717 836 784 Maesta
857 719 954 805 regia,
978 727 1010 784 et
1026 716 1163 785 essendo
1187 715 1218 782 S.
1236 716 1326 784 Rma.
1344 714 1491 803 Signoria
1514 726 1595 782 stato
1620 717 1722 803 prima

351 821 400 890 col
424 846 473 905 re,
501 821 522 888 li
544 820 612 890 lece
637 822 809 905 chiamare,
835 823 908 890 'ciue
937 847 979 890 m.
1003 824 1178 890 Francesco
1203 846 1221 889 e
1244 822 1265 888 il
1288 823 1458 889 secretario
1487 822 1565 902 mio,
1593 820 1677 889 dove
1702 820 1723 887 il

350 929 445 996 Rmo.
469 929 593 996 trattosi
616 952 633 994 a
656 941 743 1015 parte
767 928 873 1011 lascio,
903 929 961 996 che
986 929 1006 995 il
1030 952 1063 996 re
1091 928 1226 1016 parlasse
1255 927 1337 1008 loro,
1365 926 1386 993 il
1409 926 1500 1016 quale
1522 926 1612 994 volto
1636 949 1654 992 a
1677 951 1722 993 m.

350 1035 525 1102 Francesco
541 1033 648 1101 disse:
676 1034 752 1101 Non
778 1036 808 1102 vi
831 1033 969 1117 ricorda,
994 1035 1052 1102 che
1075 1033 1103 1101 la
1126 1036 1227 1122 prima
1249 1033 1334 1101 volta
1357 1033 1415 1101 che
1439 1034 1483 1100 mi
1506 1033 1653 1120 parlaste‚
1678 1034 1724 1098 mi

351 1140 479 1223 diceste,
504 1141 562 1208 che
578 1141 610 1207 S.
627 1139 747 1209 Santitd
771 1164 822 1208 era
845 1140 987 1229 perlate
1010 1164 1066 1229 per
1090 1163 1143 1208 me
1165 1151 1248 1208 tutto
1265 1139 1370 1229 quello
1395 1140 1454 1208 che
1476 1151 1602 1227 poteva,
1627 1139 1722 1206 etiam

351 1246 390 1315 de
414 1245 609 1335 plenitudine
632 1248 807 1335 potestatis,
832 1259 864 1315 et
880 1248 937 1314 che
962 1246 982 1313 il
1003 1246 1181 1316 medesimo
1205 1268 1286 1313 anco
1312 1247 1357 1312 mi
1372 1243 1455 1314 disse
1478 1245 1609 1314 ilRm0.
1627 1245 1724 1312 Cam·

350 1354 490 1440 peggio?
535 1351 738 1421 Ricordando
761 1353 782 1419 il
804 1353 914 1441 luog0,
939 1352 1022 1421 dove
1046 1355 1071 1419 si
1102 1364 1287 1434 trovarono,
1317 1364 1349 1419 et
1375 1351 1404 1418 le
1433 1352 1668 1419 circumstantie
1691 1363 1724 1418 et

351 1456 452 1541 modi,
477 1458 535 1525 che
559 1469 698 1526 usarono
722 1458 771 1525 all'
795 1458 883 1526 hora.
923 1459 1026 1526 Ache
1051 1483 1094 1525 m.
1111 1459 1286 1526 Francesco
1310 1458 1447 1544 rispose:
1472 1457 1596 1524 Sermo.
1621 1479 1666 1538 re,
1690 1457 1724 1523 io

350 1564 395 1630 mi
420 1563 546 1632 ricordo
570 1564 593 1631 il
614 1563 713 1652 luogo
738 1587 755 1631 e
779 1564 800 1630 il
823 1577 933 1654 tempo
959 1577 990 1633 et
1011 1563 1043 1632 la'
1062 1565 1213 1632 sustantia
1235 1561 1267 1631 di
1290 1573 1374 1630 tutto
1398 1561 1514 1651 quello,
1543 1561 1626 1629 ch'io
1650 1585 1725 1650 pro·

350 1671 420 1758 posi
444 1670 597 1737 aVostra
620 1670 742 1738 Maestl
769 1671 802 1736 in
825 1693 925 1738 nome
953 1669 985 1738 di
1007 1671 1050 1738 N.
1074 1670 1225 1758 Signore,
1255 1687 1286 1736 et
1310 1668 1550 1757 specialmente,
1579 1667 1638 1735 che
1660 1668 1726 1735 Sua

350 1776 470 1844 Samira
493 1798 544 1842 era
567 1797 623 1864 per
646 1774 709 1843 lare
733 1799 788 1864 per
810 1776 851 1844 lei
874 1789 957 1846 tutto
981 1777 1032 1844 cio
1056 1775 1166 1844 ch’ella
1188 1786 1327 1863 potesse,
1351 1774 1432 1842 nella
1454 1773 1544 1863 quale
1568 1793 1723 1862 proposta

351 1894 382 1950 et
405 1881 591 1950 ambasciata
607 1883 680 1964 mia,
704 1906 738 1950 se
761 1884 794 1949 io
818 1886 940 1952 mancai
963 1886 995 1951 in
1019 1883 1130 1951 alcuna
1152 1894 1249 1972 parte,
1273 1881 1381 1948 suche
1405 1883 1437 1947 io
1453 1903 1521 1947 non
1538 1879 1613 1947 dissi
1636 1878 1724 1948 forse

350 2000 440 2057 tanto
457 1987 536 2056 della
552 1999 720 2076 prontezza
739 1987 810 2055 dell'
828 1992 935 2057 animo
960 1991 990 2057 di
1007 1990 1069 2058 Sua
1084 1987 1280 2058 Beatitudine
1296 2010 1389 2054 verso
1413 1987 1441 2052 la
1456 1987 1578 2054 Maesti
1594 1987 1724 2069 Vostra,

351 2105 469 2183 quanto
493 2095 538 2160 mi
553 2117 627 2182 pare
651 2094 788 2162 haveme
805 2118 984 2184 compreso.
1025 2097 1078 2163 Ma
1094 2097 1153 2163 che
1176 2097 1209 2162 io
1225 2095 1324 2162 usassi
1340 2103 1450 2183 questa
1466 2091 1596 2160 limitata
1619 2091 1724 2159 forma

352 2198 383 2266 di
405 2199 528 2286 parole,
556 2201 607 2286 gil
630 2223 697 2268 non
725 2203 770 2267 mi
793 2201 931 2283 ricordo,
960 2205 1001 2269 ne
1025 2223 1152 2283 manc0,
1181 2200 1254 2268 ch'il
1277 2201 1372 2270 Rmo.
1397 2199 1597 2286 Campeggio
1622 2197 1653 2264 lo
1678 2196 1725 2265 di-

352 2327 449 2372 cesse.
491 2305 530 2373 Et
553 2307 606 2394 qui
628 2304 819 2374 ricordando
842 2306 907 2373 l’un
931 2307 1033 2374 l’altro
1058 2306 1086 2374 la
1109 2329 1184 2373 cosa
1208 2317 1239 2374 et
1263 2303 1492 2392 disputandola,
1515 2306 1724 2392 sopragiunse

351 2411 373 2480 il
396 2410 550 2480 cardinale
575 2435 669 2480 come
697 2414 729 2479 in
752 2435 905 2482 soccorso
934 2436 990 2501 per
1012 2412 1132 2480 ridurre
1157 2435 1173 2478 a
1197 2411 1353 2478 memoria
1381 2429 1491 2499 queste
1521 2409 1638 2498 parole.
1685 2409 1725 2476 Et

352 2517 435 2585 disse
459 2540 517 2606 pur
539 2541 616 2585 am.
632 2519 822 2586 Francesco:
847 2520 924 2586 Non
948 2521 979 2588 vi
1002 2519 1136 2601 ricorda,
1160 2519 1219 2586 che
1241 2515 1368 2607 quando
1392 2517 1418 2582 si
1443 2515 1560 2597 diceva,
1585 2515 1644 2584 che
1660 2516 1724 2582 Sua

352 2622 474 2692 Santitd
496 2623 621 2692 sarebbe
644 2647 700 2713 per
723 2624 745 2692 il
767 2648 800 2692 re
826 2627 892 2692 mio
916 2637 999 2694 tutto
1023 2624 1140 2715 quello,
1165 2623 1223 2691 che
1246 2623 1273 2689 si
1295 2634 1438 2710 potesse,
1463 2622 1522 2688 che
1545 2620 1578 2688 fu
1601 2620 1724 2688 diman-

352 2728 440 2797 dato:
465 2729 593 2812 Questo
617 2749 739 2817 potere,
763 2731 821 2798 che
844 2754 918 2798 cosa
943 2733 980 2798 e?
1005 2733 1031 2797 si
1054 2732 1118 2818 pud
1142 2752 1198 2819 per
1221 2729 1270 2797 via
1293 2727 1324 2795 di
1348 2728 1474 2809 iustitia,
1499 2728 1578 2794 etsi
1602 2728 1666 2814 pud
1689 2726 1721 2793 di

352 2836 487 2902 autoritl
510 2854 541 2903 et
565 2835 596 2903 di
618 2835 769 2924 podestl;
799 2849 830 2903 et
846 2836 904 2904 che
927 2834 960 2903 fu
983 2836 1133 2924 risposto,
1157 2837 1189 2902 in
1206 2835 1383 2924 qualunque
1407 2832 1507 2901 modo
1532 2833 1559 2899 si
1583 2844 1722 2920 potesse,

353 2940 412 3008 che
439 2964 507 3008 non
538 2941 761 3024 mancarebbe,
789 2941 929 3011 volendo
958 2941 1164 3023 concludere,
1195 2940 1269 3022 che,
1299 2962 1333 3006 se
1363 2938 1384 3006 il
1414 2949 1608 3027 promettere
1637 2949 1721 3005 tutto

352 3045 457 3134 quello
481 3046 540 3114 che
563 3043 628 3135 pul>
644 3048 685 3116 N.
703 3047 850 3136 Signore,
873 3047 1000 3116 include
1022 3046 1252 3136 plenitudinem
1277 3045 1451 3134 potestatis
1475 3047 1501 3110 sl
1517 3043 1621 3111 eluro
1645 3042 1723 3111 obli-

352 3162 423 3240 gata
447 3151 533 3220 detta
556 3153 761 3241 plenitudine.

420 3350 422 3355 .
458 3257 556 3326 Onde
584 3283 628 3326 m.
651 3260 827 3328 Francesco
856 3259 991 3348 replico:
1022 3259 1091 3327 Che
1120 3283 1181 3326 con
1210 3270 1320 3348 queste
1348 3255 1455 3345 parole
1483 3278 1586 3342 venga
1613 3267 1723 3346 questa

351 3361 547 3450 plenitudine
570 3387 591 3431 ο
615 3388 694 3449 non,
718 3385 749 3433 et
772 3366 831 3434 che
854 3378 964 3455 questa
987 3367 1013 3432 si
1036 3367 1177 3453 arguisca
1200 3363 1239 3431 da
1262 3363 1378 3454 quelle,
1406 3385 1474 3429 non
1497 3359 1667 3449 disputarei
1689 3361 1722 3427 io

352 3467 447 3552 hora;
479 3493 516 3537 so
539 3470 631 3555 bene,
655 3471 714 3540 che
737 3473 769 3538 io
793 3495 861 3539 non
885 3471 1003 3540 haveva
1026 3483 1136 3560 questa
1158 3470 1288 3538 limitata
1310 3469 1418 3557 parola
1440 3469 1472 3536 in
1493 3468 1722 3534 commissione

352 3578 394 3642 ne
416 3595 533 3663 poteva
556 3575 694 3660 haverla,
722 3577 854 3666 perche,
878 3577 1005 3666 quando
1033 3578 1065 3643 io
1089 3577 1168 3663 parti
1196 3575 1235 3643 da
1258 3575 1320 3643 Sua
1343 3575 1478 3656 Santitl,
1506 3597 1573 3641 non
1597 3573 1623 3640 si
1646 3595 1723 3640 con-

352 3681 494 3750 siderava
516 3694 629 3772 questo
645 3701 763 3772 punto;
797 3695 827 3751 et
844 3682 929 3751 dette
952 3685 1005 3773 pilu
1022 3682 1102 3750 oltre
1125 3681 1225 3749 molte
1242 3681 1350 3770 parole
1373 3703 1466 3768 sopra
1482 3698 1596 3769 questo
1617 3701 1722 3765 passu,

353 3786 384 3855 S.
409 3789 453 3855 M.
479 3787 575 3856 disse:
600 3789 701 3877 Sopra
724 3807 834 3878 questa
856 3811 1020 3876 promessa
1043 3787 1083 3855 de
1106 3787 1301 3876 plenitudine
1325 3789 1357 3854 io
1380 3786 1513 3875 spacciai
1535 3783 1557 3851 11
1580 3785 1637 3850 Dr.
1653 3783 1723 3850 Ste-

352 3894 459 3980 phano
483 3906 515 3961 et
537 3917 593 3983 per
616 3894 660 3961 lui
681 3893 725 3961 ho
749 3893 932 3961 dimandato
956 3917 973 3960 a
996 3893 1058 3960 Sua
1081 3895 1200 3961 Santita
1223 3916 1307 3975 cosa,
1335 3892 1393 3959 che
1416 3892 1437 3959 li
1460 3893 1531 3958 suoi
1554 3891 1720 3958 medesimi

353 3997 460 4066 hanno
484 3999 676 4083 confessato,
700 4000 759 4068 che
783 3999 822 4068 de
845 3999 1040 4087 plenitudine
1064 4001 1128 4089 pud
1146 3999 1239 4082 darla,
1262 4010 1295 4066 et
1317 4021 1384 4065 non
1406 3995 1501 4065 vuole
1524 3995 1721 4078 concederla,

353 4122 385 4170 et
407 4104 536 4193 quando
559 4109 576 4172 ὲ
600 4117 712 4174 stretto
741 4105 780 4173 ad
804 4127 967 4173 osservare
995 4105 1100 4196 quello
1125 4105 1183 4174 che
1212 4106 1251 4173 ha
1277 4126 1457 4193 promess0,
1485 4101 1569 4184 dice,
1598 4102 1721 4170 chene

352 4210 405 4292 lui,
429 4214 470 4278 ne
493 4213 564 4278 suoi
586 4211 716 4280 l'hanno
739 4235 907 4300 promesso
915 4239 925 4295 3
958 4223 989 4280 et
1012 4235 1106 4300 sopra
1129 4223 1242 4302 questo
1266 4221 1368 4299 punto
1392 4208 1431 4275 ha
1455 4220 1579 4276 mostro
1603 4232 1621 4274 a
1644 4207 1720 4276 detti

353 4317 427 4384 miei
451 4319 568 4384 oratori
593 4341 654 4384 una
676 4317 786 4385 lettera
808 4317 858 4385 del
882 4319 977 4387 Rm0.
1003 4319 1214 4406 Campeggio,
1242 4317 1322 4384 nella
1346 4314 1435 4405 quale
1459 4315 1570 4397 scrive,
1594 4313 1654 4380 che
1681 4317 1721 4380 ne

352 4421 409 4506 lui,
439 4427 479 4490 ne
503 4446 546 4491 m.
569 4424 745 4490 Francesco
773 4423 813 4490 ha
836 4447 1003 4510 promesso
1028 4447 1090 4491 una
1117 4426 1158 4490 tal
1182 4446 1271 4506 cosa,
1299 4423 1368 4490 anzi
1396 4421 1454 4488 che
1484 4442 1609 4508 sempre
1638 4443 1720 4487 sono

352 4529 422 4596 stati
445 4552 539 4618 supra
560 4528 758 4620 generalibus
782 4540 814 4597 et
836 4527 910 4598 dato
933 4529 1056 4617 parole,
1085 4529 1168 4598 dove
1192 4552 1258 4596 non
1282 4531 1326 4596 sia
1353 4540 1474 4596 attacco
1499 4538 1570 4606 etc,
1595 4537 1626 4593 et
1649 4527 1721 4593 scri-

352 4658 440 4702 vono
464 4636 493 4703 le
515 4635 622 4724 parole
646 4634 780 4717 formali,
804 4657 898 4702 come
923 4633 1041 4702 dicono
1066 4654 1096 4702 et
1119 4647 1296 4716 mostran0‚
1321 4656 1371 4700 ma
1394 4634 1426 4698 in
1449 4630 1589 4718 lnglese3
1615 4632 1721 4720 etqui

352 4741 374 4808 11
396 4764 430 4808 re
454 4759 485 4808 et
508 4743 561 4830 piu
584 4741 605 4808 il
625 4741 780 4810 cardinale
804 4741 911 4808 hanno
935 4740 1012 4808 fatto
1036 4765 1114 4829 gran
1137 4741 1263 4830 querela
1286 4759 1317 4807 et
1340 4738 1439 4820 detto,
1464 4738 1521 4804 che
1546 4759 1615 4803 non
1638 4759 1721 4803 sono

354 4845 393 4914 da
412 4867 521 4914 tenere
545 4849 578 4914 in
601 4848 709 4936 parole
732 4851 772 4916 ne
795 4847 827 4913 in
851 4847 1059 4935 generalibus,
1083 4858 1115 4914 et
1137 4846 1195 4914 che
1219 4870 1285 4915 non
1310 4869 1393 4913 sono
1417 4844 1545 4912 termini
1569 4841 1609 4911 da
1632 4866 1721 4910 usare

353 4957 394 5020 ne
418 4976 481 5020 con
505 4977 548 5022 un
571 4977 616 5036 re,
640 4957 681 5020 ne
706 4977 768 5021 con
792 4955 894 5022 amici.
