3810 5528
173 303 238 356 1532
260 284 381 342 februar.

818 515 901 599 123.

261 692 444 761 Heinrich
465 692 549 760 VIII.
574 716 612 760 an
638 693 819 760 Clemens
838 692 907 760 VII.
954 691 1102 772 London‚
1128 693 1178 758 28.
1203 692 1338 759 Februar
1365 712 1455 778 1532.

281 870 384 940 Heflige
402 869 571 934 Beschwerde,
593 870 652 938 dass
675 886 735 922 man
759 871 786 922 iu
813 869 875 922 Rom
899 869 947 921 den
968 867 1117 938 Englriuder
1135 869 1185 922 Dr.
1207 869 1292 922 Carne
1316 869 1382 922 nicht
1406 871 1444 923 als
1467 871 1545 923 recht-

172 961 300 1031 rndsst'gen
321 958 463 1012 Exlrrsatot·
474 959 525 1028 sair
543 958 589 1010 das
605 957 821 1010 „Vichterrcheinen
840 958 883 1010 des
898 956 996 1026 Kdm'gs
1014 957 1121 1025 zulassoe
1143 957 1286 1027 dringenda
1305 958 1379 1022 Bran,
1398 959 1465 1011 diosa
1478 957 1547 1010 Wei-

169 1067 274 1118 gertmg
293 1049 360 1102 nicht
383 1049 474 1118 fatiger
493 1047 608 1117 arefrecht
630 1065 659 1116 qu
680 1046 791 1099 erbalteu
817 1045 869 1098 und
888 1045 986 1098 endlich
1004 1045 1045 1096 die
1066 1043 1143 1098 Sachr
1165 1045 1208 1098 des
1227 1045 1325 1114 Kdnigs
1350 1048 1376 1098 r'n
1396 1047 1549 1100 ttdtrrlr'cher

174 1137 247 1191 Huld
265 1137 318 1190 und
339 1135 420 1189 Garis!
439 1153 468 1205 qu
488 1136 651 1188 entsclreiden.

282 1296 464 1364 Beatissime
481 1295 582 1376 Pater,
606 1306 679 1383 post
702 1291 911 1360 humillimam
928 1291 1243 1360 commendationem
1262 1305 1293 1360 et
1309 1293 1425 1382 pedum
1443 1297 1550 1364 oscula

172 1403 352 1469 beatorum.
392 1401 538 1468 Graviter
561 1399 733 1467 admodum
759 1398 957 1488 molesteque
982 1400 1163 1487 accipimus,
1187 1421 1291 1488 neque
1316 1402 1431 1483 minus,
1456 1425 1549 1490 quam

173 1531 234 1596 pro
257 1509 302 1574 rei
327 1507 513 1594 indignitate
536 1529 591 1593 par
613 1518 670 1587 est,
696 1504 852 1586 dolemus,
876 1503 962 1593 quod
986 1502 1127 1571 subditus
1151 1505 1209 1572 iste
1234 1517 1344 1572 noster
1367 1507 1422 1572 Dr.
1446 1507 1551 1574 Came

174 1613 427 1682 adversariorum
443 1612 642 1701 quorundam
667 1611 783 1680 artibus
808 1622 838 1678 et
861 1613 1030 1698 pertinacia
1052 1611 1146 1677 nimis
1170 1609 1315 1700 improba
1337 1612 1465 1700 quidem
1490 1612 1551 1682 illic

174 1744 193 1786 a
216 1720 361 1808 legitimo
386 1719 577 1786 excusatoria
606 1740 738 1784 munere
768 1715 965 1804 impediatur.
1012 1716 1066 1783 Est
1089 1729 1175 1784 certe
1203 1714 1276 1783 illud
1304 1716 1402 1806 longe
1430 1732 1552 1807 praeter

175 1827 432 1914 expectationem
457 1848 491 1891 ac
515 1825 626 1892 metita
651 1825 682 1890 in
707 1825 797 1891 istam
817 1821 933 1890 Sedem
958 1835 1077 1904 nostra,
1102 1835 1263 1891 ettamen
1289 1835 1448 1913 utcunque
1472 1825 1551 1894 tole-

176 1931 272 1999 rabile
297 1930 389 2013 foret,
414 1933 439 1997 si
462 1933 494 1997 in
512 1953 572 1998 nos
594 1930 755 1997 dumtaxat
778 1941 984 2018 nostramque
1000 1930 1145 1996 iniuriam
1171 1929 1232 1996 hoc
1249 1929 1367 1996 malum
1389 1930 1552 2000 recideret.

176 2038 331 2106 Ceterum
356 2061 428 2105 cum
452 2036 510 2104 hac
534 2037 656 2104 ratione
679 2037 745 2104 iura
768 2036 877 2102 omnia
901 2059 974 2102 cum
998 2034 1103 2103 divina
1127 2047 1193 2102 tum
1223 2036 1359 2102 humana
1384 2036 1552 2120 violentur,

177 2143 327 2211 naturalis
352 2145 444 2211 etiam
474 2143 638 2232 aequitatis
669 2155 700 2209 et
723 2142 856 2209 iustitiae
885 2143 964 2208 ratio
989 2154 1183 2229 pervertatur
1211 2154 1243 2208 et
1266 2143 1388 2229 pietatis
1416 2142 1553 2232 denique

177 2249 324 2331 affectus,
355 2273 450 2338 quam
479 2247 621 2316 subditus
648 2248 780 2336 principi
810 2245 919 2328 debet,
949 2245 1122 2329 frustretur,
1152 2260 1273 2315 vestrae
1304 2248 1488 2334 prudentiae
1519 2274 1555 2317 ac

177 2354 401 2423 sollicitudinis
417 2353 579 2442 pastoralis
603 2376 672 2421 esse
688 2353 884 2435 arbitramur,
908 2376 1015 2420 curare
1032 2352 1154 2435 sednl0,
1179 2353 1296 2442 utplus
1316 2354 1397 2443 apud
1421 2355 1556 2424 tribunal

178 2461 264 2528 istud
286 2474 428 2528 vestrum
457 2461 571 2528 iustitia
598 2461 736 2548 aequitas
761 2472 792 2526 et
820 2458 966 2526 naturalis
995 2459 1148 2548 quaedam
1173 2462 1281 2547 pietas,
1311 2483 1404 2548 quam
1430 2460 1556 2529 fraudes

180 2581 213 2635 et
236 2566 370 2634 aliorum
393 2569 536 2656 potentia
559 2565 691 2634 valeant.
736 2565 814 2632 Non
838 2565 888 2631 hic
912 2564 997 2633 lubet
1016 2588 1273 2632 commemorare
1297 2579 1327 2634 et
1350 2567 1492 2656 quotidie
1517 2568 1555 2636 ad

179 2695 273 2741 aures
296 2673 475 2740 Sanctitatis
491 2673 625 2740 Vestrae
649 2671 834 2752 acclamare,
865 2693 960 2760 quam
983 2671 1072 2738 iustis
1103 2669 1316 2739 fundamentis
1340 2672 1414 2741 dicti
1443 2673 1557 2742 subditi

182 2779 284 2846 nostri
308 2779 478 2867 petitiones
503 2780 656 2860 nitantur;
689 2790 720 2845 et
744 2776 783 2845 de
799 2777 961 2844 voluntate
984 2788 1094 2845 nostra
1115 2778 1310 2867 approbante
1334 2802 1379 2862 ea,
1403 2802 1482 2869 quae
1506 2803 1558 2848 ex-

182 2887 337 2954 cusatoris
353 2886 486 2952 nomine
502 2884 540 2951 ab
557 2907 597 2952 eo
613 2895 700 2972 gesta
717 2897 799 2966 sunt,
819 2885 892 2951 satis
909 2885 970 2950 iam
987 2884 1108 2972 pridem
1126 2907 1182 2973 per
1197 2881 1313 2952 litteras
1329 2898 1465 2968 nostras,
1482 2910 1558 2975 quas

182 2990 314 3059 adeum
339 2990 494 3072 dedimus,
520 2989 624 3058 eidem
644 2990 804 3057 Sanctitati
821 2990 955 3056 Vestrae
979 3002 1125 3057 constare
1149 3013 1346 3080 nequaquam
1369 2991 1558 3060 dubitamus.

181 3098 222 3165 Et
243 3110 351 3165 tamen
368 3095 528 3185 prohiberi
551 3094 710 3163 subditum
728 3108 885 3177 nostruin,
909 3097 1080 3184 quominus
1098 3118 1170 3182 erga
1194 3119 1255 3163 nos
1272 3099 1448 3186 principem
1465 3122 1559 3166 suunt

183 3202 215 3271 id
232 3201 330 3272 officii
353 3215 490 3292 praestet
514 3214 545 3270 et
566 3200 723 3284 beneficii,
747 3201 833 3291 quod
850 3200 992 3268 subditus
1016 3202 1047 3268 in
1064 3202 1239 3290 principem
1264 3203 1395 3271 naturali
1419 3205 1560 3294 quodam

183 3311 252 3377 iure
275 3307 432 3376 collocare
456 3328 596 3376 tenetur:
621 3306 695 3374 illud
720 3331 797 3375 vero
821 3309 846 3373 si
870 3330 936 3375 non
961 3319 1008 3375 est
1032 3308 1224 3375 contumelia
1249 3321 1280 3376 et
1304 3332 1372 3375 non
1396 3310 1560 3378 toleranda

184 3417 312 3497 iniuria,
338 3415 451 3481 Vestra
474 3413 627 3482 Sanctitas
656 3415 750 3481 etiam
782 3426 875 3502 atque
904 3414 998 3480 etiam
1027 3413 1148 3481 viderit.
1203 3415 1273 3482 Nos
1302 3416 1445 3499 interim,
1474 3417 1560 3506 quod

185 3546 285 3590 unum
314 3543 486 3609 possumus
508 3519 657 3610 quodque
687 3532 779 3587 antea
802 3521 985 3607 saepissime
1008 3519 1152 3600 fecimus,
1181 3542 1332 3608 rogamus
1355 3522 1561 3590 Sanctitatem

186 3629 335 3696 Vestram
359 3650 453 3716 quam
483 3649 653 3716 possumus
676 3626 974 3708 vehementissime,
1002 3627 1117 3715 pariter
1146 3638 1176 3694 et
1201 3627 1311 3696 Rmos.
1336 3628 1438 3695 Duos.
1465 3629 1562 3697 cardi-

187 3735 273 3803 nales
296 3736 330 3801 in
354 3734 547 3802 consistorio
571 3733 752 3816 existentes,
781 3751 814 3800 ut
838 3755 904 3799 non
928 3732 1060 3820 amplius
1085 3731 1230 3800 differant
1258 3733 1378 3801 dictum
1402 3732 1561 3802 subditum

189 3860 335 3908 nostrum
359 3861 418 3928 pro
443 3839 620 3907 certissimo
645 3850 830 3906 excusatore
853 3837 1020 3905 admittere
1043 3852 1074 3905 et
1098 3862 1222 3906 causam
1253 3860 1395 3907 nostram
1419 3839 1562 3927 benigno

191 3959 220 4014 et
243 3958 377 4035 paterno
400 3943 540 4033 quodam
564 3943 672 4012 favore
696 3945 855 4033 prosequi,
879 3965 944 4032 quo
961 3945 1094 4010 nomine
1117 3945 1249 4031 gratiam
1273 3945 1355 4032 apud
1372 3947 1478 4013 Deum
1495 3945 1564 4035 Op-

189 4053 302 4120 timum
325 4051 519 4134 Maximum,
547 4051 681 4118 iustitiae
705 4062 896 4117 assertorem
924 4061 955 4117 et
977 4049 1148 4132 vindicem,
1172 4050 1266 4118 simul
1289 4071 1320 4119 et
1343 4050 1425 4141 apud
1450 4073 1564 4118 omnes

192 4155 342 4226 mortales
371 4155 497 4224 laudem
529 4169 560 4224 et
588 4154 723 4244 gloriam
755 4154 909 4223 Sanctitas
931 4156 1046 4223 Vestra
1077 4179 1226 4244 magnam
1258 4155 1340 4224 baud
1372 4155 1465 4225 dubie
1494 4180 1566 4245 pro-

193 4263 372 4332 merebitur.
419 4263 513 4344 Quae
538 4262 718 4330 felicissime
742 4285 777 4329 ac
801 4260 977 4330 diutissime
999 4262 1109 4330 valeat.

297 4405 341 4472 Ex
365 4405 452 4492 regia
476 4416 585 4471 nostra
608 4402 747 4471 Londini
771 4401 822 4471 die
846 4405 887 4471 28
911 4402 1069 4470 Februarii
1098 4423 1189 4490 1532.

807 4563 842 4630 E.
867 4561 896 4630 S.
916 4562 957 4629 V.

195 4685 418 4756 devotissimus
443 4705 536 4776 atque
560 4685 864 4776 obsequentissimus
892 4683 974 4753 filius
998 4686 1038 4752 D.
1062 4708 1093 4774 g.
1117 4684 1253 4773 Angliae
1277 4698 1307 4751 et
1331 4685 1479 4752 Franciae
1503 4707 1568 4767 rex,

624 4791 677 4860 fid.
702 4791 763 4860 def.
787 4815 822 4859 ac
846 4791 947 4859 Dnus.
973 4790 1141 4858 Hiberniae

1298 4897 1463 4964 Hernicus.

1377 5021 1413 5064 ts·
