3810 5528
150 313 213 368 1529
233 295 361 351 Oktober.
1452 284 1512 344 135

147 457 313 523 occasione
344 456 373 523 di
403 479 512 523 nuovo
542 455 644 522 molto
673 456 826 523 l’accertai
855 455 893 522 de
925 455 953 522 la
979 455 1084 523 buona
1115 468 1223 523 mente
1253 455 1284 522 di
1311 455 1353 524 N.
1378 456 1514 543 Signore

147 585 237 629 verso
261 563 293 630 S.
311 564 367 644 M,
392 574 423 630 et
447 563 504 630 che
528 561 559 629 di
583 562 622 629 lei
645 574 828 630 veramente
852 573 966 649 poteva
990 563 1193 650 promettersi
1215 573 1299 630 tutto
1323 561 1429 650 quello
1455 561 1513 628 che

43 707 45 732 ;
145 669 172 735 le
196 692 246 735 era
271 668 419 756 possibile
442 693 459 735 a
483 667 638 735 beneficio
662 692 732 734 suo.
782 669 838 734 »Et
862 669 906 734 mi
929 690 1023 756 parve
1048 668 1244 756 expediente,
1268 667 1307 736 ad
1330 667 1512 736 evitandum

146 775 244 840 maius
261 775 390 856 malum,
414 775 619 842 intratenerlo
644 796 706 841 con
724 773 853 864 qualche
877 796 1036 862 speranza,
1060 785 1091 842 et
1107 775 1201 842 etiam
1225 774 1341 857 iudic0‚
1365 775 1424 841 che
1447 796 1514 841 non

145 881 187 946 sia
211 879 307 961 male,
337 879 394 946 che
418 879 450 946 di
472 883 552 946 costi
582 881 607 946 si
631 879 726 946 faccia
754 879 774 946 il
798 877 976 948 medesimo
1001 892 1032 947 et
1060 901 1094 947 se
1122 878 1143 945 li
1172 879 1343 947 satisfaccia
1370 881 1403 946 in
1431 892 1514 947 tutto

147 985 248 1075 quello
272 987 298 1051 si
322 987 397 1072 pud,
421 1007 514 1053 come
538 1009 555 1051 a
577 985 675 1053 bocca
697 987 752 1074 poi
776 985 844 1052 dirh
868 1008 885 1052 a
907 985 1007 1074 lungo
1032 985 1088 1052 alla
1111 985 1308 1054 Beatitudine
1330 985 1422 1053 Sua«

249 1110 446 1178 Finalmente
469 1112 513 1176 mi
537 1109 622 1178 dette
645 1109 729 1176 bona
752 1109 892 1192 licentia,
917 1128 948 1177 et
970 1109 1203 1178 ritornandomi
1227 1134 1244 1176 a
1267 1133 1337 1178 casa
1359 1112 1403 1177 mi
1427 1110 1515 1178 assall

149 1240 186 1282 un
210 1215 304 1283 dolor
328 1215 359 1282 di
382 1215 486 1284 fianco
511 1239 574 1284 con
597 1216 625 1283 la
652 1215 791 1305 podagra
822 1216 970 1298 insieme,
1000 1216 1058 1283 che
1082 1216 1235 1284 m'hanno
1264 1228 1460 1286 tormentato
1484 1217 1515 1284 X

149 1324 250 1408 giomi
274 1323 427 1405 continui,
452 1347 491 1390 ne
515 1323 535 1390 li
559 1322 640 1411 quali
664 1345 741 1410 pure
766 1322 808 1389 ho
833 1320 910 1390 fatto
935 1322 1042 1410 colligi
1064 1322 1242 1404 sarcinulas,
1267 1341 1297 1390 et
1322 1325 1388 1390 cosl
1412 1321 1462 1390 alli
1484 1323 1515 1388 V

150 1426 194 1494 del
223 1446 371 1516 presente
401 1430 446 1495 mi
473 1430 552 1516 parti
580 1428 619 1495 da
642 1427 769 1496 Londra
798 1440 829 1495 et
859 1429 958 1516 hoggi
987 1430 1031 1495 mi
1057 1440 1152 1495 trovo
1181 1431 1233 1518 qui
1261 1430 1294 1495 in
1318 1427 1515 1511 Canterburi‚

152 1532 254 1601 donde
277 1533 434 1622 passando
458 1533 477 1600 il
501 1534 691 1603 Reverendo
714 1533 838 1602 auditor
862 1533 901 1601 de
924 1534 953 1601 la
976 1534 1111 1602 Camera
1133 1534 1154 1602 li
1177 1534 1220 1602 do
1245 1546 1354 1624 questa
1376 1536 1456 1618 mia;
1486 1547 1517 1603 et

152 1663 199 1726 per
221 1639 251 1706 la
274 1640 399 1708 celeritd
422 1664 477 1708 sua
501 1652 532 1708 et
556 1641 656 1708 anche
680 1641 795 1728 perche
819 1663 931 1729 penso,
956 1642 1015 1708 che
1032 1641 1071 1707 V.
1089 1641 1120 1707 S.
1145 1639 1185 1710 da
1210 1641 1253 1708 lui
1276 1639 1441 1708 intendert
1464 1643 1516 1729 pila

152 1747 280 1834 appieno
305 1746 344 1815 de
373 1747 402 1814 le
425 1770 501 1814 cose
529 1747 559 1815 di
584 1751 659 1836 qua,
688 1771 754 1814 non
784 1749 855 1815 sard
879 1749 933 1836 piu
956 1747 1065 1836 lungo,
1094 1751 1135 1814 ne
1159 1771 1215 1836 per
1242 1749 1321 1815 hora
1350 1746 1418 1814 farb
1442 1747 1518 1814 altra

153 1852 309 1938 particular
332 1855 466 1941 risposta
489 1854 547 1921 alle
571 1877 636 1920 sue.

250 1977 415 2064 Ringratio
440 1999 502 2044 con
526 1976 632 2044 tutto’l
656 2000 730 2043 core
754 1978 795 2044 N.
820 1977 957 2064 Signore
981 1976 1011 2044 di
1035 1988 1154 2067 quanto
1173 1978 1212 2044 V.
1229 1978 1261 2043 S.
1284 1979 1329 2044 mi
1353 1977 1453 2044 scrive
1478 1975 1517 2044 de

155 2081 176 2147 la
195 2106 250 2149 sua
273 2085 393 2170 optima
418 2095 525 2150 mente
549 2105 643 2150 verso
667 2081 697 2148 di
721 2106 784 2164 me,
806 2082 834 2149 al
857 2081 946 2170 quale
969 2082 1180 2150 humilmente
1203 2081 1278 2150 baso
1303 2082 1323 2149 li
1346 2083 1517 2150 santissimi

156 2187 239 2274 piedi,
263 2200 295 2256 et
317 2189 390 2256 aV.
415 2189 446 2255 S.
471 2189 502 2256 di
527 2190 681 2257 continuo
705 2191 749 2254 mi
772 2189 1032 2257 raccommando.

253 2313 410 2380 rPassano
434 2312 512 2380 hora
535 2314 555 2379 il
571 2336 650 2401 gran
674 2312 817 2380 scudiere
841 2326 873 2380 et
895 2313 916 2378 il
937 2313 992 2379 Dr.
1011 2313 1135 2379 Sanson
1160 2311 1281 2401 decano
1299 2312 1377 2381 della
1402 2312 1517 2401 capella

158 2418 183 2484 di
203 2419 232 2486 S.
256 2420 301 2486 M.
327 2421 445 2486 oratori
472 2417 521 2486 all’
545 2419 756 2507 Imperatore,
785 2442 840 2507 per
870 2417 1041 2486 confirmor
1068 2418 1097 2486 la
1126 2417 1398 2501 confederatione,
1428 2429 1459 2486 et
1486 2416 1517 2486 di

157 2521 233 2590 buon
255 2524 352 2612 luogo
382 2524 526 2606 intendo,
556 2526 614 2592 che
638 2525 668 2592 S.
694 2526 738 2592 M.
764 2525 803 2592 ha
826 2547 1010 2593 commesso
1034 2548 1051 2592 a
1074 2525 1177 2614 questi
1206 2526 1276 2593 suoi
1300 2525 1434 2606 oratori,
1458 2525 1517 2592 che

159 2630 241 2696 etiam
264 2629 320 2697 se’l
344 2631 592 2698 Cristianissimo
617 2654 682 2699 non
706 2630 882 2714 ratificaret,
906 2631 963 2718 ipsi
987 2629 1142 2698 ratificent
1166 2642 1196 2697 et
1220 2631 1348 2718 portino
1372 2629 1399 2697 la
1423 2629 1517 2698 ratifi-

159 2737 270 2804 catione
293 2735 344 2804 del
366 2738 570 2827 Imperatore.
617 2737 663 2803 Mi
685 2761 759 2825 pare
787 2759 902 2804 ancora
925 2735 1054 2819 vedere,
1084 2735 1142 2803 che
1165 2737 1306 2804 rehavuti
1334 2736 1354 2803 li
1377 2734 1443 2823 figli
1467 2734 1517 2803 del

161 2839 395 2910 Cristianissimo
417 2858 526 2932 questa
549 2866 624 2931 pace
648 2867 714 2920 non
738 2845 782 2910 sia
806 2865 861 2930 per
885 2841 976 2910 durar
999 2841 1133 2910 molto«

254 2983 449 3066 Cantuariae,
474 3006 502 3071 7.
528 2984 667 3052 octobris
696 3005 731 3070 15
758 3006 787 3070 9.

745 3143 786 3210 D.
812 3145 851 3211 V.
881 3143 912 3210 S.

630 3269 685 3334 Uti
708 3267 789 3334 filius
814 3266 1027 3336 deditissimus

1048 3391 1082 3458 L.
1108 3391 1180 3458 Car.
1206 3389 1409 3476 Campegius.

356 3603 440 3658 Nunz.
460 3603 485 3656 di
503 3603 595 3657 Germ.
618 3619 657 3672 53,
679 3602 696 3657 s.
717 3617 780 3669 204,
804 3603 961 3674 Auflosung
984 3601 1030 3656 der
1050 3601 1258 3656 Geheimschrift
1282 3601 1299 3656 f.
1319 3616 1378 3669 205.
1416 3601 1514 3672 Einge-

255 3689 338 3745 laufen
361 3709 405 3744 am
428 3706 469 3759 25.
490 3689 618 3745 Oktober.
656 3691 774 3744 Theiner
797 3709 821 3761 p.
844 3693 901 3760 587.
938 3690 989 3744 Die
1014 3689 1216 3761 Betriedigung‚
1240 3690 1282 3743 die
1304 3689 1430 3744 Heinrich
1443 3689 1514 3742 Vlll.

256 3777 293 3832 bei
310 3769 513 3850 Uberreichung
536 3779 583 3832 des
602 3779 700 3832 Breves
720 3795 783 3833 vom
808 3794 849 3850 29.
868 3779 981 3849 August,
1006 3779 1048 3832 die
1072 3777 1240 3849 Aufhebung
1264 3777 1310 3831 der
1328 3778 1513 3848 angedrohten

256 3865 389 3922 Censuren
409 3865 567 3933 betreffend,
587 3866 720 3938 geinssert
740 3867 797 3933 hat,
817 3867 896 3920 sticht
915 3866 1095 3936 merkwfrrdig
1113 3867 1145 3920 ab
1165 3883 1218 3919 von
1238 3864 1284 3920 der
1302 3866 1453 3934 Bitterleit,
1473 3866 1514 3918 die

172 4012 176 4022 ,
256 3953 306 4008 sich
325 3957 351 4009 in
370 3956 472 4009 seinem
491 3955 635 4008 Schreiben
654 3971 717 4008 vom
741 3971 779 4022 30.
799 3955 956 4026 September
975 3953 1130 4025 ausspricht.
1168 3953 1266 4008 Zudem
1286 3954 1367 4008 lautet
1386 3953 1432 4007 das
1450 3953 1514 4007 letz-

254 4046 305 4096 tere
324 4060 364 4110 so,
388 4042 426 4096 als
445 4043 513 4096 habe
532 4042 578 4095 der
597 4043 689 4114 Papst‚
710 4043 781 4096 ohne
800 4044 837 4096 im
857 4042 967 4112 obrigen
986 4042 1028 4095 die
1048 4040 1186 4095 Censuren
1206 4043 1384 4109 aufzuheben‚
1406 4059 1455 4095 nur
1475 4057 1515 4094 er·

253 4125 322 4198 hart,
342 4131 385 4185 die
403 4129 571 4202 Androhung
589 4130 729 4184 derselben
748 4131 786 4184 sei
805 4131 876 4184 ohne
895 4131 988 4184 seinen
999 4130 1097 4184 Willen
1115 4129 1279 4201 geschehen,
1299 4130 1428 4186 wahrend
1445 4130 1515 4184 doch

252 4214 289 4275 Cl.
305 4220 365 4274 Vll.
390 4219 463 4273 diese
483 4219 621 4273 Censuren
646 4219 827 4274 ausdrlrclrlich
853 4218 957 4273 aufhob
983 4219 1036 4272 und
1060 4219 1222 4272 unwirlrsam
1247 4218 1362 4273 machte.
1400 4219 1426 4274 S.
1446 4220 1515 4273 oben

246 4299 294 4363 Nr.
315 4307 349 4362 62
370 4307 423 4362 und
440 4306 483 4377 63.

353 4396 406 4449 Die
419 4395 679 4450 Abschiedsaudienz
699 4397 741 4450 bei
755 4396 787 4450 H.
800 4395 871 4450 Vlll.
891 4394 954 4450 land
966 4404 1028 4448 statt
1047 4413 1091 4449 am
1104 4395 1226 4466 Sonntag
1239 4395 1291 4448 den
1306 4411 1345 4466 19.
1359 4394 1516 4466 September

238 4495 278 4536 zu
298 4483 414 4540 Grafton
438 4484 465 4537 in
484 4483 530 4536 der
548 4482 700 4538 Gralschaft
719 4483 1003 4555 Northamptonshire,
1028 4484 1116 4555 einige
1136 4483 1300 4554 Tagereisen
1321 4481 1443 4536 nordlich
1461 4499 1516 4536 von

238 4560 379 4638 I*ondom
408 4571 476 4625 auch
487 4571 601 4644 Wolsey
619 4590 676 4626 war
699 4589 822 4644 eugegen
845 4572 899 4625 und
917 4572 990 4625 hatte
1014 4572 1071 4626 hier
1089 4570 1236 4643 gleichlalls
1260 4571 1333 4624 scine
1353 4570 1515 4626 Abschieds·

239 4663 373 4728 audiena,
396 4660 430 4714 da
449 4660 506 4714 sein
524 4661 599 4714 Sturz
621 4669 689 4715 trotz
708 4661 755 4714 der
773 4659 984 4714 Freundlichkeit
1004 4660 1057 4714 und
1075 4660 1122 4714 des
1135 4661 1305 4726 Vertrauens,
1329 4659 1371 4713 die
1389 4659 1445 4713 ihm
1469 4660 1516 4714 der

236 4740 341 4821 Konig
359 4749 401 4804 bei
417 4747 503 4804 dieser
515 4749 694 4820 Gelegenheit
711 4748 783 4802 noch
797 4748 894 4801 einmal
912 4749 1022 4816 bernes,
1043 4747 1241 4802 unaufhaltsam
1253 4765 1317 4802 war.
1349 4748 1400 4802 Die
1420 4748 1515 4803 beiden

235 4827 391 4892 Kardintle
410 4852 500 4891 waren
523 4837 698 4892 miteinander
720 4854 764 4890 am
786 4850 824 4902 14.
844 4836 889 4890 IX.
910 4853 963 4890 von
982 4837 1096 4891 London
1115 4837 1255 4907 abgereist.
1292 4835 1330 4889 Le
1350 4836 1449 4904 Grand‚
1468 4837 1514 4891 lll.

236 4929 308 4987 351.
346 4927 462 4992 Brewer,
481 4925 526 4978 lV.
547 4943 571 4978 n.
594 4940 668 4997 5953,
688 4923 882 4992 Br.-Gairdner‚
903 4923 962 4978 The
981 4925 1058 4996 reign
1076 4924 1109 4979 ll.
1131 4940 1188 4994 371.
