3796 5538
343 263 406 324 238
1228 275 1375 332 Consilium
1396 296 1475 350 snper
1493 295 1572 332 causa
1592 277 1714 348 Anglica.

342 434 524 517 colendum,
550 435 626 502 nihil
649 437 734 524 prius
764 438 794 504 in
818 438 902 504 votis
930 436 1129 518 habendum,
1159 460 1254 526 quam
1283 457 1317 506 ut
1347 439 1424 506 haec
1452 440 1519 525 ipsa
1548 438 1651 524 magis
1682 439 1715 503 in

342 540 410 610 dies
434 541 630 610 celebrentur
654 545 731 611 etin
750 543 850 610 oculis
866 557 898 612 et
915 542 1038 610 auribus
1055 545 1202 611 onmium
1219 543 1387 612 illustriora
1402 543 1545 611 evadant.
1582 542 1715 610 Sublimi

343 648 397 715 illo
420 647 512 716 titulo
536 647 712 716 defensoris
736 647 808 718 fidei
833 651 864 716 in
890 648 981 717 huius
1004 673 1132 739 quoque
1156 674 1266 718 causae
1290 652 1533 740 aequanimitate
1565 662 1658 716 aucto
1684 661 1715 716 et

343 753 511 836 celebrato,
535 777 630 842 quem
654 768 689 824 ut
713 757 849 844 egregiis
872 756 1045 824 Maiestatis
1064 757 1146 824 Suae
1169 755 1370 840 facinoribus,
1394 757 1471 824 dum
1488 755 1715 844 rempublicam

343 861 543 928 christianam
572 873 603 930 et
625 861 844 951 Apostolicam
868 861 985 930 Sedem
1009 862 1215 930 fluctuantem
1239 875 1344 931 tuetur
1367 865 1475 944 armis,
1505 861 1635 951 opibus,
1664 885 1717 928 au-

342 966 491 1036 thoritate
515 980 546 1034 et
570 965 789 1034 eruditissimis
812 966 1089 1050 lucubrationibus,
1113 968 1170 1035 sibi
1187 970 1391 1057 comparavit,
1415 971 1457 1036 ita
1480 967 1597 1035 invidia
1621 968 1717 1034 etiam

342 1076 495 1141 maiorem
521 1074 642 1141 cunctis
666 1097 700 1140 se
723 1072 900 1161 praebebit3
931 1085 1023 1162 atque
1049 1086 1082 1142 ut
1105 1073 1250 1142 fortunae
1274 1076 1375 1161 magis
1399 1097 1494 1163 quam
1518 1072 1642 1141 consilii
1668 1085 1717 1139 est

342 1203 507 1268 persaepe,
531 1203 667 1267 regnum
691 1179 836 1268 adipisci,
865 1179 1040 1267 gloriosum
1074 1203 1151 1248 vero
1181 1204 1284 1268 regno
1308 1180 1441 1268 dignum
1466 1203 1499 1247 se
1528 1177 1716 1247 ostendere:

343 1287 383 1352 ita
408 1286 664 1353 honestissimam
688 1284 770 1374 apud
795 1286 943 1352 homines
967 1287 1153 1373 opinionem
1172 1289 1335 1354 consecuti
1358 1310 1428 1354 eam
1444 1285 1586 1354 sollicitis
1605 1283 1716 1353 studiis

343 1413 531 1459 conservare
555 1390 718 1459 debemus.
758 1393 822 1458 Has
839 1404 943 1459 autem
961 1415 1061 1460 novas
1081 1393 1205 1480 nuptias
1227 1393 1377 1462 inducere
1397 1403 1513 1482 quanta
1529 1394 1562 1459 in
1582 1391 1717 1480 caligine

342 1499 519 1585 positurum
543 1498 582 1564 sit
606 1499 673 1564 eius
696 1521 828 1580 nomen,
853 1497 902 1565 vel
927 1498 1010 1566 caeci
1034 1498 1188 1566 viderent.

448 1603 617 1671 Postremo
641 1603 716 1693 quid
740 1603 953 1672 infelicissima
977 1603 1053 1672 haec
1069 1616 1213 1693 tempora
1237 1624 1380 1693 poscant,
1405 1603 1496 1672 decet
1515 1605 1717 1671 Maiestatem

342 1710 437 1776 Suam
462 1710 563 1776 acrius
587 1709 804 1791 considerare,
837 1709 948 1799 quibus
978 1723 1107 1799 propter
1130 1711 1284 1778 bellorum
1310 1710 1450 1779 diutinos
1472 1709 1614 1778 turbines
1640 1709 1717 1776 nihil

344 1834 389 1882 est
414 1838 480 1881 non
498 1814 695 1898 exhaustum,
720 1815 855 1883 lacerum
875 1828 905 1883 et
921 1829 1113 1905 quassatum,
1137 1840 1209 1884 cum
1227 1817 1383 1884 intestinis
1400 1829 1431 1884 et
1453 1815 1595 1883 civilibus
1610 1816 1716 1895 armis,

342 1932 410 1987 tum
436 1921 582 2002 externis,
606 1919 718 2010 quibus
742 1944 842 2009 nuper
858 1923 1056 1988 Pannoniam
1080 1922 1254 2002 amisimus,
1279 1923 1404 1990 Austria
1427 1922 1522 1988 etiam
1546 1944 1648 2009 paene
1665 1919 1717 1986 de-

343 2025 486 2094 siderata.
532 2024 695 2094 Eiusmodi
720 2028 869 2094 iacturam
894 2047 1053 2118 utcunque
1078 2026 1158 2095 ferre
1181 2051 1367 2116 possemus,
1396 2029 1456 2094 nisi
1486 2027 1597 2115 religio
1622 2027 1716 2094 etiam

344 2145 375 2201 et
398 2155 484 2202 sacra
507 2133 732 2222 prophanaque
756 2135 870 2222 pariter
893 2133 1019 2201 decreta
1042 2133 1158 2223 ubique
1181 2133 1320 2202 labarent
1337 2145 1368 2202 et
1391 2134 1482 2223 plane
1497 2131 1717 2200 conciderent.

343 2241 425 2308 Huic
453 2262 558 2306 rernm
590 2238 827 2306 christianarum
857 2241 950 2307 statui
973 2259 1005 2307 et
1028 2239 1173 2307 fortunae
1202 2241 1227 2306 si
1250 2240 1436 2321 accesserit,
1466 2251 1499 2306 ut
1530 2239 1607 2306 haec
1637 2261 1716 2327 quo-

344 2343 519 2412 dammodo
550 2343 655 2412 salutis
684 2343 822 2411 anchora
853 2345 885 2411 in
916 2345 978 2412 hoc
1001 2345 1134 2433 Angliae
1163 2369 1264 2432 regno
1296 2357 1327 2413 et
1355 2369 1431 2432 rege
1456 2345 1514 2411 sita
1544 2345 1716 2425 amittatur,

343 2473 422 2539 quae
446 2473 518 2538 spes
542 2472 692 2539 umquam
717 2451 801 2538 pacis
825 2452 883 2519 erit
906 2450 1044 2540 reliqua?
1079 2449 1221 2532 Quando
1245 2474 1262 2518 a
1286 2450 1373 2518 bellis
1398 2461 1429 2517 et
1453 2449 1674 2531 seditionibus,
1699 2471 1716 2514 a

344 2555 500 2637 caedibus,
524 2553 561 2622 ab
585 2555 764 2624 haeresibus
792 2576 823 2624 et
853 2579 868 2622 a
899 2556 1017 2645 reliqua
1044 2556 1201 2624 malorum
1229 2555 1318 2624 turba
1347 2555 1567 2623 liberabimur?
1607 2555 1714 2636 Quam

344 2660 385 2728 ob
413 2685 480 2729 reni
509 2673 571 2742 est,
600 2675 634 2730 ut
657 2662 803 2729 Maiestas
830 2662 892 2728 Sua
915 2663 976 2728 iam
1001 2663 1174 2744 existimet,
1197 2663 1295 2730 totius
1319 2661 1507 2751 reipublicae
1530 2661 1715 2728 christianae

343 2791 439 2836 voces
469 2779 500 2836 et
528 2779 602 2836 vota
630 2770 662 2834 in
691 2791 726 2834 se
755 2790 923 2849 conversa,
953 2768 1064 2857 quibus
1093 2779 1199 2856 rogat,
1228 2781 1264 2836 ut
1292 2767 1402 2836 eadem
1437 2790 1534 2855 opera
1565 2763 1641 2833 velit
1673 2789 1716 2844 se,

342 2897 478 2961 regnum
509 2896 692 2962 nomenque
723 2897 816 2940 suuni
846 2886 939 2962 atque
977 2873 1163 2942 christianos
1191 2875 1349 2963 principes
1378 2893 1408 2941 et
1437 2871 1573 2961 populos
1603 2893 1716 2938 omnes

343 2979 448 3047 salvos
472 3003 556 3060 esse,
585 2977 671 3069 quod
695 2978 783 3046 facile
807 2999 995 3046 eventurum
1019 2993 1137 3068 sperat,
1165 2982 1191 3046 si
1221 3003 1313 3048 cansa
1345 2979 1403 3047 hac
1431 2977 1652 3067 praetermissa
1679 2975 1716 3042 ad

344 3083 470 3152 dissidia
492 3083 631 3153 tollenda
647 3085 795 3151 Maiestas
812 3085 874 3151 Sua
890 3085 1030 3152 animum
1049 3085 1253 3168 converterit,
1270 3084 1355 3152 unde
1371 3083 1550 3152 felicissima
1565 3083 1716 3170 trophaea

344 3204 376 3257 et
398 3191 498 3278 spolia
522 3213 592 3257 eam
617 3201 859 3258 consecuturam
883 3213 950 3257 non
975 3189 1176 3278 ambigimus.

449 3297 553 3385 Atque
583 3297 659 3362 haec
688 3307 775 3377 sunt,
806 3319 885 3385 quae
914 3318 970 3384 per
997 3298 1080 3363 viam
1109 3295 1233 3363 consilii
1263 3295 1366 3363 afferri
1395 3319 1491 3384 posse
1519 3291 1715 3373 videbantur,

344 3400 489 3469 uberiora
512 3413 544 3469 et
566 3402 690 3468 saniora
713 3402 839 3470 interim
863 3401 900 3468 ab
924 3401 990 3468 aliis
1014 3413 1226 3490 expectantes.

554 3576 660 3631 Lettere
679 3577 704 3630 di
723 3577 836 3648 Principi
858 3591 906 3645 14,
926 3577 942 3631 s.
964 3592 1108 3646 502—510.
1144 3577 1200 3631 Das
1219 3577 1300 3632 Stltclr
1318 3582 1388 3648 traigt
1408 3577 1494 3630 neben
1513 3575 1559 3629 der
1572 3573 1718 3628 Anlschrilt

449 3665 491 3718 die
505 3665 658 3737 Jahreszahl
675 3681 749 3734 1530,
769 3664 817 3718 aus
826 3665 943 3719 welches
956 3665 1019 3736 Jahr
1038 3665 1124 3719 ausser
1137 3665 1237 3719 andern
1250 3665 1448 3736 Andautungen
1462 3665 1530 3718 auch
1544 3663 1586 3716 die
1600 3661 1717 3716 Schluss·

450 3753 649 3824 bemerkungen
669 3753 733 3806 tiber
756 3753 798 3807 die
822 3753 923 3807 Gelahr
946 3744 1116 3808 Osterreichs
1142 3753 1225 3807 durch
1249 3753 1291 3807 die
1311 3753 1419 3807 'l't'trlren
1443 3753 1600 3806 hinweisen.
1639 3751 1719 3804 Sonst

450 3842 482 3894 ist
509 3839 600 3894 weder
623 3859 654 3893 zn
673 3840 798 3906 ersehen‚
818 3856 875 3894 wer
897 3841 944 3894 der
961 3841 1101 3895 Verlasser
1119 3841 1166 3895 des
1186 3841 1352 3895 Gutachtens
1376 3843 1422 3907 ist,
1446 3841 1517 3894 noch
1536 3839 1585 3894 aus
1600 3839 1719 3894 welches

449 3929 594 3982 Schreiben
617 3946 670 3982 von
694 3928 845 3999 englischer
864 3929 935 3982 Seite
954 3929 1075 3983 dasselbe
1100 3929 1138 3982 als
1157 3931 1283 3984 Autwort
1306 3929 1402 3984 dienen
1427 3929 1486 3984 soll.
1523 3929 1575 3983 Die
1600 3927 1719 3982 ausffihr-

449 4016 519 4071 lichc
538 4016 711 4088 Behandlung
735 4017 781 4070 der
800 4016 927 4088 Erblolge
947 4019 1024 4070 weist
1050 4017 1097 4071 aul
1112 4017 1158 4071 das
1178 4017 1322 4071 Schreiben
1349 4017 1396 4071 der
1420 4016 1578 4088 englischen
1598 4016 1720 4070 Prilaten

450 4104 504 4158 und
522 4102 637 4158 Grossen
656 4121 719 4159 vom
735 4121 773 4174 13.
791 4104 843 4176 Juli
865 4119 931 4174 1530
949 4107 981 4172 (s.
1001 4105 1071 4159 oben
1091 4105 1137 4160 Nr.
1157 4105 1202 4174 86)
1222 4105 1275 4172 hin,
1295 4107 1322 4158 in
1342 4105 1476 4160 welchem
1494 4103 1661 4158 namentlich
1679 4104 1720 4157 die

451 4192 669 4264 Notwendiglreit
693 4193 765 4246 eines
787 4193 957 4247 mannlichen
976 4194 1063 4248 Erben
1086 4211 1132 4246 aus
1156 4194 1229 4247 einer
1253 4193 1375 4264 gt'iltigen
1401 4193 1458 4246 Ehe
1484 4193 1577 4246 betont
1602 4193 1651 4258 ist3
1680 4193 1720 4245 die

450 4279 535 4351 Frage
554 4280 601 4334 der
619 4280 794 4351 angeblichen
813 4281 1107 4336 Gewissensbedenken
1127 4281 1266 4336 Heinrichs
1291 4281 1366 4336 lrehrt
1385 4280 1510 4352 dagegen
1535 4283 1561 4334 in
1580 4297 1613 4334 so
1633 4281 1720 4335 vielen

450 4368 607 4438 englischeu
621 4368 782 4439 Depeschen
796 4369 903 4436 wieder,
923 4368 979 4424 dass
992 4387 1055 4424 man
1069 4371 1141 4424 nicht
1156 4370 1233 4442 notig
1245 4370 1299 4436 hat,
1320 4371 1379 4423 elne
1394 4369 1544 4423 besondere
1557 4369 1597 4422 als
1611 4369 1720 4442 Gegen·

450 4457 525 4510 stnck
544 4473 575 4510 zu
594 4457 646 4510 den
665 4457 861 4511 vorstehenden
880 4455 1210 4529 Auseinandersetzungen
1234 4457 1421 4512 ausausuchen.
1459 4457 1515 4511 Das
1534 4457 1617 4511 Stuclr
1635 4457 1721 4512 durste

450 4544 525 4598 wohl
544 4561 587 4598 am
607 4545 699 4598 besteu
723 4544 780 4598 hier
799 4561 888 4616 gegen
907 4545 1010 4600 Schluss
1034 4549 1107 4601 seine
1126 4547 1208 4600 Stelle
1227 4545 1329 4613 finden,
1349 4545 1412 4600 weil
1431 4546 1489 4600 sich
1513 4545 1600 4600 sehon
1625 4546 1650 4600 in
1671 4547 1720 4600 den

451 4631 692 4703 nachstfolgenden
719 4632 816 4704 Jahren
844 4633 966 4687 rnehrere
994 4634 1041 4688 der
1068 4633 1141 4688 datin
1170 4635 1340 4706 getulserten
1369 4635 1513 4688 Bedenlren
1542 4635 1721 4688 verwirlrlicht

451 4720 546 4788 haben,
566 4740 586 4774 z.
601 4721 629 4774 Β.
649 4719 690 4774 die
709 4720 838 4774 treflende
853 4721 1037 4794 Beleuchtung
1056 4741 1086 4776 zu
1106 4723 1168 4776 deni
1187 4723 1339 4777 thbrichten
1352 4722 1475 4777 Glauben
1495 4723 1646 4786 lleinrichs¹
1667 4722 1722 4776 dass

451 4809 507 4861 ihm
531 4807 572 4862 die
592 4807 764 4880 Verbinduug
788 4810 836 4862 mit
855 4809 933 4864 Anna
956 4811 1059 4883 Boleyn
1085 4812 1163 4866 einen
1189 4811 1361 4866 aaannliclien
1380 4809 1559 4864 Thronerben
1585 4809 1722 4864 schenken

450 4895 550 4964 werde,
571 4896 629 4948 eine
649 4896 795 4972 Hoffnung,
814 4896 895 4952 deren
914 4897 1117 4970 Enttatuschung
1135 4899 1294 4954 wesentlich
1312 4899 1361 4952 mit
1380 4915 1440 4954 zum
1461 4899 1553 4954 Sturae
1578 4898 1625 4955 der
1644 4899 1723 4952 Anna
