3842 5532
214 306 284 360 Acta
303 307 504 361 consistorialis.
1524 291 1587 354 215

323 467 445 535 Romae
469 466 519 534 die
537 465 663 555 (lunae)
688 466 806 534 XXIII.
833 467 935 534 martii
956 487 1038 553 1534
1062 464 1119 534 luit
1143 466 1365 533 consistorium
1385 463 1590 554 (secretum),

216 573 248 639 in
272 596 337 662 quo
361 572 418 640 fuit
441 574 501 640 lata
524 574 681 640 sententia
704 573 924 661 infrascripta.¹

681 731 832 798 Clemens
856 733 938 820 Papa
962 733 1125 819 septimus.

322 856 440 923 Christi
463 856 595 922 nomine
619 857 779 922 invocato.
827 856 863 922 In
888 855 1006 922 throno
1030 855 1163 922 iustitiae
1193 877 1251 943 pro
1275 852 1418 920 tribunali
1442 852 1589 920 sedentes

215 974 245 1029 et
272 961 379 1028 solum
402 962 509 1029 Deum
532 985 606 1049 prae
630 961 729 1029 oculis
755 960 905 1028 habentes
933 959 1093 1048 perhanc
1124 971 1266 1027 nostram
1290 956 1488 1026 diffinitivam
1518 981 1589 1026 sen·

213 1069 357 1149 tentiam,
381 1091 474 1157 quam
500 1067 539 1135 de
562 1066 709 1134 venerab.
734 1066 863 1135 fratrum
888 1085 1084 1148 nostrorum,
1108 1067 1139 1133 S.
1165 1066 1201 1134 R.
1226 1066 1250 1132 E
1275 1064 1488 1146 cardinalium,
1513 1088 1589 1131 con-

214 1175 409 1242 sistorialiter
437 1196 546 1240 eoram
577 1172 669 1240 nobis
699 1186 967 1262 congregatorum
999 1172 1133 1240 consilio
1164 1184 1194 1240 et
1222 1195 1350 1238 assensu
1382 1169 1527 1252 serimus,
1557 1171 1588 1236 in

214 1280 262 1346 his
284 1280 408 1368 scriptis
431 1281 684 1367 pronuntiamus,
709 1279 908 1347 decernimus
931 1292 962 1347 et
979 1279 1184 1360 declaramus,
1209 1281 1240 1345 in
1257 1301 1348 1345 causa
1373 1291 1403 1345 et
1427 1277 1526 1345 causis
1550 1277 1589 1343 ad

213 1409 273 1452 nos
298 1399 329 1453 et
352 1385 468 1453 Sedem
493 1385 712 1473 Apostolicam
737 1409 793 1474 per
815 1385 1075 1475 appellationem,
1103 1408 1159 1473 per
1183 1385 1376 1451 carissimam
1401 1382 1432 1449 in
1458 1383 1587 1450 Christo

214 1490 308 1558 filiam
326 1491 529 1558 Catharinam
547 1492 680 1580 Angliae
704 1494 846 1579 reginam
871 1491 1023 1559 illustrem
1048 1493 1198 1558 anostris
1223 1502 1253 1558 et
1277 1489 1367 1557 Sedis
1383 1489 1588 1576 Apostolicae

213 1597 322 1686 legatis
345 1599 377 1664 in
402 1621 502 1685 regno
526 1598 661 1686 Angliae
685 1597 840 1686 deputatis
864 1599 1099 1687 interpositam,
1127 1596 1270 1686 legitime
1295 1593 1451 1664 devolutis
1481 1613 1512 1662 et
1535 1594 1587 1662 ad-

211 1705 342 1784 vocatis,
368 1706 449 1770 inter
465 1703 635 1792 praefatam
660 1706 802 1792 reginam
823 1719 854 1772 et
871 1705 1067 1772 carissimum
1092 1705 1123 1770 in
1140 1704 1270 1772 Christo
1295 1700 1394 1770 filium
1412 1701 1587 1769 Henricum

212 1823 360 1878 octavum
377 1809 512 1897 Angliae
527 1833 638 1898 regem
663 1810 814 1879 illustrem
838 1833 933 1899 super
949 1809 1105 1878 validitate
1129 1822 1160 1877 et
1184 1807 1374 1877 invaliditate
1393 1809 1586 1876 matrimonii

211 1917 293 1984 inter
316 1915 448 1983 eosdem
473 1939 564 2004 reges
588 1918 743 1984 contracti
767 1930 799 1986 et
822 1919 1016 1998 consumati,
1045 1915 1200 2005 rebusque
1224 1915 1291 1982 aliis
1320 1915 1350 1981 in
1376 1915 1452 1982 actis
1476 1937 1586 1982 causae

211 2035 243 2090 et
267 2045 429 2090 causarum
459 2021 641 2089 huiusmodi
671 2022 759 2090 latius
789 2022 931 2091 deductis
961 2035 992 2090 et
1016 2021 1132 2090 dilecto
1161 2021 1227 2088 filio
1252 2022 1350 2088 Paulo
1375 2020 1586 2108 Capisuccho,

210 2149 375 2194 causamm
398 2128 476 2194 sacri
505 2128 608 2218 palatii
632 2127 813 2197 auditorum
841 2141 917 2197 tunc
941 2128 1062 2196 decano
1093 2141 1124 2196 et
1147 2147 1277 2217 propter
1306 2128 1402 2216 ipsius
1425 2125 1512 2194 Pauli
1534 2123 1586 2194 ab·

209 2235 345 2301 sentiam
372 2232 542 2302 venerabili
571 2233 655 2302 fratri
686 2245 798 2302 nostro
829 2234 945 2304 Iacobo
977 2236 1174 2302 Simonettae
1205 2237 1356 2322 episcopo
1386 2233 1584 2314 Pisauriensi,

210 2341 302 2408 unius
327 2365 365 2408 ex
382 2339 472 2408 dictis
495 2338 599 2428 palatii
615 2364 777 2409 causarum
802 2341 995 2409 auditoribus
1019 2341 1248 2409 locumtenenti
1273 2339 1448 2422 audiendis,
1470 2340 1584 2406 instru-

210 2445 299 2514 endis
332 2466 363 2514 et
394 2448 425 2513 in
450 2448 643 2515 consistorio
674 2460 786 2516 nostro
814 2467 937 2516 secreto
969 2447 1142 2515 referendis
1172 2448 1352 2515 commissis
1384 2459 1414 2514 et
1442 2467 1497 2535 per
1528 2468 1584 2512 eos

210 2551 301 2619 nobis
326 2565 358 2620 et
381 2552 501 2620 eisdem
526 2553 732 2622 cardinalibus
754 2553 859 2622 relatis
884 2574 915 2621 et
938 2566 1060 2622 mature
1077 2553 1235 2635 discussis,
1260 2577 1368 2620 coram
1392 2551 1483 2620 nobis
1507 2574 1583 2639 pen-

207 2657 371 2726 dentibus:
396 2661 634 2727 matrimonium
660 2661 742 2728 inter
765 2659 955 2748 praedictam
974 2660 1176 2728 Catharinam
1201 2679 1232 2726 et
1256 2660 1432 2726 Henricum
1448 2656 1581 2745 Angliae

205 2786 316 2851 regem
346 2777 543 2833 contractum
575 2786 605 2833 et
629 2765 703 2834 inde
734 2779 841 2834 secuta
871 2790 1077 2856 quaecunque
1106 2763 1201 2832 luisse
1232 2777 1263 2832 et
1292 2787 1359 2832 esse
1383 2762 1520 2830 validum
1551 2783 1581 2830 et

205 2871 412 2953 canonicum,
444 2871 608 2962 validaque
641 2884 673 2940 et
704 2875 872 2955 canonica,
905 2897 1043 2963 suosque
1074 2870 1198 2940 debitos
1231 2870 1374 2938 debuisse
1405 2882 1436 2937 et
1466 2867 1580 2936 debere

204 2977 309 3044 sortiri
339 2975 469 3045 effectus
498 2978 684 3068 prolemque
714 2979 788 3047 inde
811 2992 989 3067 susceptam
1019 2991 1049 3046 et
1073 2976 1304 3066 suscipiendam
1333 2975 1427 3044 suisse
1452 2988 1483 3044 et
1510 2975 1579 3042 fore

204 3080 396 3170 legitimam,
429 3096 460 3151 et
490 3084 664 3172 praefatum
696 3087 871 3153 Henricum
900 3085 1033 3173 Angliae
1064 3107 1174 3171 regem
1206 3084 1308 3151 teneri
1341 3102 1372 3148 et
1404 3081 1579 3169 obligatum

203 3186 298 3254 fuisse
324 3202 357 3256 et
379 3188 447 3257 sore
474 3189 514 3257 ad
538 3190 783 3259 cohabitandum
813 3215 885 3258 cum
915 3191 997 3259 dicta
1025 3193 1149 3278 regina,
1178 3191 1244 3256 eius
1273 3189 1412 3276 legitima
1441 3188 1578 3276 coniuge

203 3316 338 3382 eamque
362 3295 494 3362 maritali
518 3295 687 3364 affectione
712 3317 742 3364 et
766 3299 856 3386 regio
882 3297 1005 3364 honore
1028 3295 1240 3377 tractandam,
1270 3307 1300 3361 et
1330 3291 1466 3360 eundem
1491 3294 1578 3360 Hen-

202 3400 304 3467 ricum
328 3399 463 3488 Angliae
491 3425 601 3489 regem
631 3401 670 3469 ad
698 3405 869 3490 praemissa
897 3403 1005 3469 omnia
1034 3425 1107 3470 cunt
1132 3401 1245 3469 effectu
1274 3397 1473 3488 adimplenda
1502 3421 1578 3466 con-

203 3504 420 3573 demnandum
445 3507 657 3596 omnibusque
686 3509 759 3575 iuris
783 3509 930 3577 remediis
954 3508 1136 3596 cogendum
1162 3529 1192 3576 et
1216 3504 1474 3596 compellendum
1497 3504 1576 3587 fore,

201 3630 297 3699 prout
321 3611 589 3696 condemnamus,
614 3616 760 3702 cogimus
785 3626 815 3682 et
839 3613 1075 3703 compellimus,
1099 3615 1402 3702 molestationesque
1426 3625 1456 3680 et
1480 3611 1576 3679 dene-

201 3719 348 3805 gationes
376 3741 432 3806 per
462 3719 600 3787 eundem
631 3721 806 3788 Henricum
835 3744 944 3810 regem
974 3721 1078 3789 eidem
1108 3721 1296 3789 Catharinae
1326 3720 1454 3804 reginae
1483 3742 1577 3807 super

200 3823 393 3892 invaliditate
426 3837 456 3892 et
486 3824 615 3894 foedere
640 3825 713 3894 dicti
742 3828 937 3894 matrimonii
965 3827 1208 3917 quomodolibet
1236 3825 1330 3895 factas
1355 3837 1385 3893 et
1413 3826 1575 3914 praestitas

200 3927 296 3997 fuisse
321 3950 351 3997 et
376 3954 445 3998 esse
469 3930 588 3999 illicitas
612 3951 642 4000 et
666 3933 806 4015 iniustas,
835 3946 866 4000 et
889 3933 992 4002 eidem
1017 3934 1157 4001 Henrico
1182 3935 1249 4020 regi
1272 3955 1366 4021 super
1389 3931 1447 3998 illis
1470 3955 1505 3998 ac
1529 3933 1575 3999 in·

199 4035 358 4102 validitate
381 4037 577 4105 matrimonii
600 4037 783 4107 huiusmodi
805 4051 992 4129 perpetuum
1017 4039 1177 4108 silentium
1201 4037 1433 4128 imponendum
1450 4035 1519 4104 fore
1544 4049 1575 4104 et

200 4164 279 4222 esse,
302 4156 399 4229 prout
421 4144 628 4231 imponimus,
652 4145 854 4235 eundemque
877 4147 1051 4213 Henricum
1074 4145 1207 4234 Angliae
1230 4169 1340 4233 regem
1365 4146 1396 4211 in
1422 4167 1573 4232 expensas

199 4248 231 4314 in
262 4247 444 4316 huiusmodi
474 4273 566 4316 causa
594 4273 652 4338 pro
676 4269 763 4339 parte
793 4251 893 4320 dictae
917 4253 1104 4321 Catharinae
1133 4253 1260 4340 reginae
1289 4274 1397 4318 coram
1426 4251 1518 4319 nobis
1543 4263 1573 4318 et

199 4352 290 4420 dictis
306 4354 455 4423 omnibus
480 4354 620 4444 legitime
644 4354 739 4425 factas
756 4356 1036 4427 condemnandum
1060 4357 1129 4426 sore
1153 4371 1184 4426 et
1206 4382 1285 4439 esse,
1309 4369 1403 4445 prout
1420 4355 1572 4425 condem-

199 4482 322 4542 namus,
346 4483 440 4550 quam
465 4463 679 4549 impensarum
702 4464 896 4531 taxationem
920 4463 1012 4531 nobis
1036 4466 1068 4531 in
1092 4485 1255 4553 posterum
1279 4487 1486 4531 reservamus.

198 4641 393 4648 ———-·-—--—

305 4732 313 4761 ¹
333 4723 385 4778 Die
404 4723 525 4795 Fassung
544 4726 564 4778 B
583 4726 613 4794 (s.
636 4729 699 4796 32²)
718 4727 811 4782 lautet:
840 4730 944 4783 Rornae
964 4730 1007 4784 die
1025 4731 1104 4785 lunae
1123 4733 1148 4786 vi
1170 4733 1252 4786 esima
1271 4733 1347 4786 tertia
1366 4734 1466 4786 mensis
1486 4733 1571 4786 martii

200 4808 267 4864 1534
286 4793 335 4848 suit
349 4795 457 4849 consist.
477 4812 543 4850 secr.
564 4798 590 4850 in
604 4796 666 4850 loco
681 4809 819 4865 consueto,
839 4801 865 4853 in
885 4817 938 4870 quo
953 4801 1140 4856 SanctissImus
1181 4804 1287 4857 ominus
1301 4803 1402 4857 Noster
1421 4813 1447 4857 et
1466 4821 1571 4858 sacrum

197 4864 343 4936 collegium
367 4865 439 4919 dedit
461 4868 620 4920 sententiam
645 4868 671 4920 in
695 4868 815 4923 favorem
834 4872 943 4942 reginae
967 4871 1082 4943 Angliae
1107 4873 1140 4926 de
1164 4873 1342 4928 matrimonio.
1380 4874 1430 4928 Die
1456 4875 1571 4928 Sentenz

198 4934 281 4992 selbst
298 4936 333 4991 ist
351 4935 425 4989 nicht
444 4935 589 5010 beigetitgt
