3782 5532
342 313 383 376 811
1560 328 1615 382 Mai
1635 345 1709 400 ¹529·

340 483 411 554 loro
440 499 729 575 opportunamente
759 511 777 554 a
806 499 929 578 questo,
957 488 1017 557 che
1045 512 1112 556 uon
1139 491 1166 556 si
1193 489 1258 576 pub
1286 486 1460 576 prohibire,
1489 487 1548 556 che
1575 487 1604 556 le
1632 489 1711 576 parti

340 615 406 658 non
430 593 524 660 usino
547 592 663 660 131333
686 594 811 681 regioni
834 606 866 661 et
883 595 1021 661 maxime
1045 593 1170 662 3113311
1193 603 1379 682 protestare,
1403 603 1434 660 et
1451 594 1490 660 V.
1507 593 1538 661 S.
1564 593 1590 660 si
1612 591 1712 661 13313

341 709 439 780 33113,
469 699 527 774 che
550 722 675 786 sempre
704 700 729 765 si
754 703 771 766 ὲ
794 699 872 768 13113
901 702 981 767 etsi
1013 699 1091 783 1311,
1120 699 1190 768 data
1213 699 1398 781 occasione,
1426 701 1503 787 ogni
1527 718 1711 788 opportuno

340 801 459 886 officio,
483 805 599 892 perche
623 828 818 887 conoscano,
842 805 1204 874 31138338331111333
1227 807 1254 872 31
1278 809 1295 872 ὲ
1319 806 1433 872 1131333
1457 805 1488 872 11
1510 803 1574 872 1313
1589 823 1711 894 quanto

340 907 571 978 dimandavano
599 911 621 978 li
644 913 778 993 oratori,
808 934 864 1000 per
892 911 1011 980 defetto
1040 911 1080 981 de
1108 912 1213 980 buona
1237 911 1367 978 volunta
1395 923 1427 978 et
1455 909 1623 992 desiderio,
1652 911 1713 978 che

339 1014 423 1082 fusse
445 1017 478 1083 in
502 1015 553 1098 lei,
577 1016 607 1085 di
622 1015 778 1104 gratificat
801 1030 944 1107 aquesta
959 1019 1090 1101 Maesta,
1114 1017 1171 1086 3113
1186 1017 1276 1107 quale
1297 1040 1434 1085 nessuna
1457 1018 1588 1104 ragione
1605 1015 1713 1098 vuole,

254 1167 257 1180 ·
340 1121 398 1189 che
422 1122 483 1189 Sua
506 1122 703 1190 Beatitudine
730 1122 814 1191 fusse
838 1125 958 1211 ingrata
986 1147 1041 1213 per
1063 1123 1246 1212 gratificarsi
1273 1146 1336 1191 con
1359 1124 1443 1206 altri,
1471 1121 1618 1191 havendo
1643 1145 1714 1190 essa

340 1229 461 1296 Maesta
485 1251 547 1295 con
564 1228 604 1296 lei
627 1227 741 1296 infiniti
765 1230 879 1311 meriti,
904 1249 935 1297 et
958 1229 1059 1298 l'altro
1078 1232 1131 1319 pila
1147 1241 1235 1298 tosto
1259 1227 1381 1298 diversa
1403 1229 1553 1317 ragione,
1584 1251 1636 1294 ma
1652 1229 1713 1296 che

341 1337 407 1400 cosi
431 1333 522 1401 volea
545 1333 573 1400 la
597 1336 721 1402 iustitia.

445 1439 470 1506 ll
492 1441 559 1506 mio
582 1441 751 1507 secretario
775 1441 819 1507 mi
843 1441 928 1523 dice,
956 1443 1014 1508 che
1038 1440 1188 1530 parlando
1213 1439 1264 1508 col
1287 1464 1320 1508 re
1349 1441 1381 1506 in
1405 1451 1519 1529 questo
1543 1443 1713 1529 proposito

339 1545 370 1610 S.
388 1545 433 1611 M.
457 1543 500 1633 gli
522 1543 657 1633 replicb:
681 1545 767 1614 Istud
791 1545 920 1637 quidem
944 1545 1150 1630 admittimus,
1173 1569 1284 1615 verum
1308 1564 1413 1614 metus
1431 1545 1623 1636 quandoque
1646 1547 1714 1634 agit

340 1651 488 1719 homines
511 1651 550 1718 ad
566 1675 612 1734 ea,
636 1675 716 1741 quae
732 1653 790 1740 ipsi
813 1654 945 1720 minime
961 1653 1089 1722 vellent.
1127 1652 1231 1720 Ache
1254 1651 1297 1720 lui
1312 1652 1442 1740 replico,
1466 1650 1525 1720 che
1548 1653 1580 1718 in
1597 1663 1714 1740 questo

325 1769 436 1846 ¹potea
465 1756 637 1825 certificare
664 1757 695 1825 S.
726 1759 783 1841 M,
812 1758 871 1826 che
899 1760 1016 1827 iustitia
1043 1758 1109 1826 sola
1138 1771 1168 1826 et
1197 1760 1244 1826 rei
1273 1757 1508 1846 impossibilitas
1536 1756 1714 1826 obstabant.

339 1863 383 1929 La
407 1863 527 1930 Maesta
549 1887 604 1930 sua
627 1863 714 1953 dipoi
738 1863 820 1932 disse
847 1863 886 1932 ad
910 1888 982 1933 esso
1006 1867 1073 1932 mio
1096 1865 1277 1946 secretario,
1306 1864 1365 1933 che
1390 1864 1507 1931 Cesare
1530 1864 1562 1930 in
1586 1863 1717 1951 Spagna

340 1968 392 2036 nel
420 1992 479 2036 suo
508 1968 665 2057 consiglio
696 1969 735 2037 113
757 1981 885 2038 11311313
913 1970 945 2038 di
968 1983 1078 2060 questa
1104 1972 1236 2039 materia
1263 1969 1514 2052 matrimoniale,
1542 1979 1574 2037 et
1602 1969 1715 2037 hanno

340 2074 504 2157 conclus0,
527 2099 561 2142 se
576 2076 618 2143 N.
635 2076 772 2164 Signore
795 2080 996 2164 permettert,
1020 2077 1079 2144 che
1095 2077 1124 2144 13
1140 2100 1233 2145 331133
1255 2078 1282 2144 31
1297 2075 1437 2164 giudichi
1460 2076 1513 2165 qui
1536 2077 1568 2142 in
1586 2074 1715 2162 Anglia,

321 2179 372 2248 ·di
394 2181 549 2270 appellare
573 2181 611 2248 31
634 2181 774 2250 futurum
799 2183 979 2251 concilium.

445 2288 495 2354 De
519 2286 653 2355 l’andata
676 2286 728 2356 del
749 2288 939 2357 Reverendo
964 2300 1082 2357 mastro
1107 2287 1139 2356 di
1161 2311 1231 2356 casa
1258 2290 1290 2354 in
1313 2288 1438 2375 Spagna
1461 2309 1534 2374 pare
1543 2290 1564 2368 ¹,
1593 2309 1661 2353 non
1688 2288 1716 2353 si

341 2395 528 2461 contentino
553 2394 666 2476 molto,
689 2394 806 2482 perche
831 2399 848 2462 ὲ
870 2407 953 2463 31313
976 2394 1046 2462 1333
1069 2393 1191 2483 11ρί313
1214 2417 1270 2482 per
1293 2393 1463 2482 imperiale.
1508 2392 1544 2459 lo
1568 2391 1607 2460 ad
1630 2391 1715 2459 altro

340 2501 506 2588 proposito
529 2501 645 2588 prima,
670 2511 701 2568 et
724 2501 801 2568 hora
825 2501 846 2568 il
869 2503 935 2568 mio
959 2503 1128 2568 secretario
1153 2499 1319 2568 habbiamo
1343 2499 1422 2566 fatto
1446 2497 1611 2566 intendere
1627 2497 1714 2580 1333,

341 2603 455 2692 ch'egli
479 2609 649 2692 epersona
665 2605 769 2694 degna
792 2619 822 2674 et
845 2605 884 2674 da
899 2607 992 2689 bene,
1016 2606 1103 2673 buon
1123 2607 1276 2673 servitore
1300 2604 1331 2673 di
1346 2606 1387 2672 N.
1405 2605 1542 2694 Signore
1565 2614 1596 2672 31
1618 2627 1717 2671 senza

342 2710 418 2777 altra
445 2713 592 2800 passione
616 2735 636 2779 o
661 2735 749 2796 cura,
780 2713 838 2781 che
863 2711 893 2779 di
916 2714 1033 2780 servire
1056 2713 1159 2780 aSua
1181 2711 1301 2780 Santital
1325 2729 1356 2779 et
1378 2709 1480 2799 quella
1508 2721 1596 2778 santa
1618 2709 1714 2777 Sede.

342 2816 381 2884 Et
403 2819 484 2884 circa
507 2815 536 2884 le
559 2816 685 2886 inducie
709 2841 775 2885 non
800 2820 827 2886 ci
850 2819 958 2886 hanno
982 2819 1120 2907 risposto
1142 2817 1232 2886 31113.

448 2922 488 2989 AI
510 2924 663 3011 giungere
691 2925 745 3013 qui
768 2924 799 2991 di
822 2925 941 2992 Β31333
962 2923 1066 2991 subito
1090 2926 1116 2990 si
1138 2923 1211 2992 levb
1235 2925 1288 3013 qui
1310 2921 1407 3004 13313,
1436 2922 1540 2989 ch'era
1564 2920 1717 2988 conclusa

343 3027 370 3094 la
395 3046 504 3115 tregua
533 3047 579 3096 tra
602 3029 719 3097 Cesare
748 3043 779 3097 et
805 3028 827 3096 il
850 3030 1098 3098 Cristianissimo
1129 3052 1185 3118 per
1212 3029 1321 3096 XVIII
1350 3029 1444 3110 mesi,
1474 3039 1505 3095 et
1528 3027 1624 3106 31331,
1653 3027 1716 3094 3113

344 3131 504 3201 affirmava
526 3133 650 3202 haverla
673 3134 759 3203 udita
783 3134 937 3223 publicare
961 3137 993 3202 in
1016 3135 1146 3202 Francia
1168 3137 1201 3201 in
1225 3133 1339 3202 diversi
1361 3133 1482 3221 luoghi,
1510 3131 1530 3198 il
1554 3132 1613 3200 che
1634 3135 1718 3220 perb

345 3243 362 3306 t
385 3250 463 3306 31313
487 3238 589 3328 bugia.
635 3241 689 3307 Ma
712 3241 738 3308 13
763 3265 854 3309 33333
877 3239 957 3308 13113
978 3253 1095 3309 11331113
1122 3264 1178 3308 3113
1201 3244 1218 3308 ὲ
1241 3251 1320 3308 31313
1342 3237 1484 3328 perlate
1509 3237 1674 3306 intendere
1699 3261 1719 3304 a

344 3357 453 3435 questa
475 3345 613 3429 Maesti,
643 3346 701 3414 che
731 3347 752 3413 il
776 3347 1024 3414 Cristianissimo
1054 3347 1093 3414 ha
1116 3347 1231 3435 pratica
1255 3345 1286 3413 di
1309 3367 1385 3433 pace
1413 3367 1477 3412 con
1501 3344 1634 3426 Cesare,
1662 3367 1719 3411 ma

345 3451 403 3519 che
420 3475 487 3519 non
503 3453 579 3520 vuol
601 3452 665 3520 1333
682 3475 756 3520 3333
772 3452 881 3520 313333
898 3477 991 3521 senza
1006 3466 1114 3541 saputa
1130 3465 1162 3520 et
1177 3474 1337 3520 consenso
1353 3449 1432 3518 della
1448 3449 1566 3538 prefata
1581 3450 1718 3533 Maesta,

344 3558 372 3624 la
396 3558 486 3648 quale
513 3582 569 3646 per
592 3570 711 3648 quanto
740 3558 780 3625 ha
803 3558 892 3627 detto
919 3558 948 3625 al
970 3558 1091 3647 prefato
1120 3560 1187 3626 mio
1211 3558 1380 3626 secretario
1409 3567 1441 3624 et
1463 3554 1624 3624 concorda
1650 3576 1717 3622 con

345 3663 461 3753 quello,
484 3687 525 3732 ne
548 3665 591 3732 ho
614 3666 665 3752 gil
688 3666 817 3754 scriptu,
841 3664 944 3748 crede,
968 3666 1027 3733 che
1052 3665 1168 3732 Cesare
1192 3666 1224 3730 in
1247 3676 1357 3754 queste
1380 3663 1519 3750 pratiche
1546 3684 1613 3728 non
1636 3659 1718 3729 vada

346 3768 558 3850 drittamente,
581 3770 697 3859 percht
720 3773 850 3838 tuttavia
873 3770 912 3837 ha
935 3771 1051 3857 pratica
1074 3792 1190 3838 ancora
1213 3792 1275 3837 con
1298 3769 1330 3836 S.
1348 3769 1394 3835 M.
1417 3790 1473 3855 per
1495 3767 1612 3836 levarlo
1637 3766 1719 3835 dalla

347 3875 573 3943 coniunctione
598 3874 648 3943 del
672 3875 932 3958 Cristianissimo,
957 3886 988 3943 et
1010 3875 1039 3943 13
1063 3876 1156 3943 etiam
1180 3875 1201 3941 il
1225 3871 1403 3942 medesimo
1427 3896 1489 3940 con
1513 3872 1580 3941 altri
1603 3884 1718 3961 poten-

345 3981 400 4047 tati
425 3991 457 4047 31
485 3981 606 4067 signori
629 3980 709 4048 della
733 3981 812 4069 lega,
836 3980 1084 4070 soggiungendo
1107 3980 1166 4048 che
1190 3979 1295 4048 dubita
1318 3978 1432 4062 molto,
1456 3978 1515 4047 che
1531 3978 1647 4047 Cesare
1670 3979 1717 4046 313

347 4088 399 4174 pila
415 4109 471 4174 per
487 4108 604 4154 nocere
627 4088 731 4154 amico
748 4087 806 4155 che
830 4089 961 4170 nimico,
986 4087 1102 4176 perche
1125 4110 1226 4176 spera,
1248 4108 1304 4174 per
1320 4084 1494 4154 concordia
1515 4085 1630 4153 havere
1654 4084 1717 4152 due

347 4315 393 4369 des
413 4316 524 4386 Papstes
542 4333 576 4369 an
595 4315 647 4370 133
665 4315 767 4383 Κ31331,
791 4316 837 4370 133
861 4334 923 4370 3133
946 4315 1162 4388 englischerseits
1181 4313 1332 4386 verlangte,
1356 4315 1398 4369 die
1417 4313 1718 4438 Erqanzungsdispense

347 4387 438 4510 qulius’
458 4387 490 4441 11.
509 4385 669 4454 1133311331,
694 4404 714 4440 s.
734 4387 780 4440 das
800 4395 984 4458 vorgenannte
1003 4387 1147 4441 Schreiben
1166 4386 1286 4441 Salviatis
1305 4403 1369 4439 vom
1389 4400 1430 4439 21.
1475 4384 1525 4456 pril
1550 4384 1602 4438 und
1620 4401 1716 4438 unsere

369 4457 552 4540 emerlrungen
571 4457 641 4511 oben
660 4475 691 4511 zu
710 4457 756 4512 Nr.
779 4471 818 4528 34.
1464 4471 1471 4484 ·

455 4536 464 4565 ¹
483 4527 595 4582 Brschof
609 4528 709 4582 Hieron
730 4545 789 4582 mus
802 4527 883 4582 Schio
902 4527 966 4581 oder
985 4527 1094 4582 Scledus
1113 4545 1167 4582 von
1180 4527 1281 4580 Vaison
1294 4527 1456 4596 (Avignon),
1476 4535 1594 4580 31333113
1612 4525 1638 4578 di
1655 4541 1717 4580 casa

348 4601 395 4654 des
414 4600 533 4671 Papstes,
557 4609 607 4653 trat
630 4600 667 4653 im
715 4600 739 4652 31
760 4614 827 4722 1523
850 4598 888 4652 313
915 4598 1028 4670 apostol.
1047 4597 1162 4653 Nuntius
1185 4599 1212 4651 in
1230 4596 1346 4668 Spanien
1369 4614 1402 4650 an
1421 4595 1503 4650 Stelle
1527 4595 1573 4650 des
1596 4596 1656 4650 doit
1678 4597 1717 4649 im

348 4671 463 4726 Februar
481 4670 672 4725 verstorbenen
685 4669 785 4724 Grasen
826 4669 958 4724 aldassare
973 4667 1047 4724 Casti
1067 4668 1147 4723 lione.
1185 4668 1219 4722 Er
1232 4667 1324 4723 wurde
1343 4667 1465 4738 augleich
1483 4667 1531 4722 mit
1550 4666 1597 4722 der
1609 4665 1717 4721 Gewalt

349 4746 422 4796 eines
441 4735 609 4813 Legatus'de
628 4741 710 4794 131313
728 4741 831 4795 betraut
850 4740 903 4794 und
921 4758 952 4793 311
971 4739 1023 4794 133
1042 4687 1386 4809 1131333131113311113333
1410 4737 1458 4790 mit
1477 4736 1538 4790 dem
1558 4737 1651 4792 Kaiser
1669 4737 1716 4790 be-

349 4812 547 4882 vollmachtigr,
572 4811 614 4866 die
633 4811 702 4866 1333
721 4829 752 4865 zu
771 4811 832 4864 dem
852 4809 962 4864 Frieden
982 4827 1035 4864 von
1053 4809 1200 4864 Barcelona
1225 4827 1269 4862 am
1288 4807 1409 4932 apium
1430 4823 1497 4880 1529
1515 4807 1629 4864 li'ihrten.
1665 4807 1717 4861 Die

350 4883 530 4937 berreffenden
554 4881 724 4936 Dolumente
748 4897 811 4934 vom
834 4879 873 4936 16.
897 4881 972 4952 April
995 4880 1075 4936 Arch.
1090 4880 1175 4934 Vatic.
1199 4879 1267 4951 Reg.
1290 4893 1335 4948 143
1379 4879 1466 4948 (201),
1485 4877 1645 4932 Geleitbriel
1664 4877 1717 4931 und

349 4953 470 5008 Kredenz
489 4971 523 5006 an
541 4952 603 5006 Karl
623 4951 655 5007 V.
675 4952 751 5005 Brev.
770 4953 833 5006 min.
853 4952 905 5006 vol.
926 4967 960 5023 ²9
978 4969 1002 5010 3,
1025 4964 1074 5019 154
1093 4969 1117 5006 u.
1139 4949 1197 5018 163,
1216 4950 1258 5005 113
1277 4950 1404 5004 letzteren
1422 4965 1486 5002 vom
1508 4965 1530 5019 5.
1549 4949 1610 5004 Μ31.
