3810 5528
183 331 254 398 '1528
274 326 355 402 April.
1224 311 1228 320 ¹
1516 309 1557 376 33

291 489 433 560 promissio
452 506 483 542 zu
503 489 666 543 eninehmen
685 489 741 542 sein
761 488 840 553 erd3
867 487 989 541 denuda
1009 487 1081 540 diese
1099 487 1209 541 letztere
1231 487 1290 540 irein
1310 487 1408 540 Datum
1428 492 1506 558 trigt,
1526 505 1557 542 so

291 579 403 644 scheint‚
421 576 477 631 dass
496 595 520 632 u.
537 595 558 632 a.
579 578 647 631 eben
666 576 735 631 auch
753 577 840 630 dieses
860 578 885 630 in
899 576 1020 646 Engiand
1040 576 1078 628 ais
1098 577 1140 628 ein
1154 567 1262 646 Mangel
1281 576 1435 646 angesehen
1456 577 1556 642 wurde,

290 666 341 720 den
361 683 422 719 man
442 665 530 718 heben
543 666 644 732 wolite,
664 665 717 718 und
736 682 767 719 so
786 663 872 718 diuite
891 665 937 717 der
950 663 1054 717 Schluss
1074 663 1222 733 berechtigt
1241 664 1305 728 sein,
1324 664 1380 717 dass
1400 664 1486 719 Clem.
1499 665 1558 720 VII.

291 753 333 807 die
352 755 430 807 echte
453 755 595 824 promissio
614 771 658 806 am
678 769 719 823 23.
739 753 790 823 JuIi
812 753 877 822 1528
896 753 1070 822 geschrieben
1091 751 1142 804 und
1162 751 1359 804 unterzeichnet
1379 753 1454 807 habe.
1492 752 1557 805 Das·

290 843 353 896 aber
376 859 429 895 von
454 843 526 895 einer
544 841 738 912 Ausiertigung
761 842 808 894 des
835 840 990 911 englischen
1016 839 1167 893 Entwurfes
1193 839 1275 892 durch
1301 839 1353 892 den
1377 839 1455 910 Papst
1481 842 1558 894 keine

290 930 365 984 Rede
383 931 440 984 sein
459 930 536 997 kann,
556 931 620 1002 geht
639 932 687 983 mit
707 929 816 983 vollster
838 929 986 982 Sicherheit
1005 929 1099 982 daraus
1118 929 1223 992 hervor,
1243 926 1300 981 dass
1319 927 1405 981 dieser
1427 928 1558 997 Entwurs,

290 1035 371 1072 wenn
385 1019 539 1088 uberhaupt,
560 1028 613 1084 erst
631 1035 721 1090 gegen
735 1016 809 1072 Ende
823 1017 875 1070 Mai
892 1032 958 1089 1529
976 1017 1038 1070 dem
1051 1017 1148 1087 Papste
1168 1014 1308 1087 vorgelegt
1323 1017 1431 1072 werden
1451 1017 1558 1086 kemite,

289 1125 321 1160 zu
341 1108 414 1160 einer
433 1107 487 1160 Zeit
507 1106 572 1172 also,
592 1107 618 1159 in
636 1106 755 1160 welcher
773 1105 871 1176 gerade
891 1106 937 1159 das
956 1105 1108 1176 Gegenteii,
1128 1104 1244 1158 nimlich
1263 1105 1305 1158 die
1319 1104 1493 1176 Abberuiung
1512 1107 1559 1160 der

289 1195 376 1248 Sache
396 1195 464 1248 nach
483 1194 561 1260 Rom,
580 1196 616 1246 im
631 1194 729 1247 Werke
748 1212 811 1248 war.
848 1193 887 1260 (S.
908 1194 1005 1248 Histor.
1025 1194 1113 1264 Jahrb.
1136 1193 1202 1246 1888
1221 1192 1247 1246 S.
1267 1195 1324 1262 41.)

844 1459 905 1542 24.

297 1633 480 1702 Clemens
502 1633 569 1700 VII.
595 1657 634 1700 an
659 1633 842 1700 Heinrich
864 1633 947 1701 VIII.
994 1632 1142 1715 Orvieto‚
1171 1654 1219 1720 13.
1245 1634 1332 1721 April
1360 1637 1452 1720 1528.

293 1793 397 1857 Zweite,
420 1792 482 1846 noch
505 1793 692 1863 umsassendere
711 1793 885 1864 Dispensbulle
909 1811 938 1862 zu
958 1794 1027 1844 einer
1050 1811 1129 1844 neuen
1149 1792 1200 1845 Ehe
1216 1793 1267 1863 fiir
1285 1793 1333 1846 den
1353 1793 1419 1857 Fall,
1443 1796 1501 1864 dass
1519 1795 1561 1847 dic

185 1882 238 1934 Ehe
257 1884 304 1935 mit
321 1883 368 1934 der
386 1881 502 1950 Ktim'gt‘n
522 1880 669 1935 Kathart'na
681 1881 733 1951 stit·
752 1883 873 1952 ungdltig
892 1882 988 1934 erhldrt
1006 1882 1103 1934 wrirdr.

294 2041 446 2106 Clemens
470 2060 529 2108 etc.
566 2039 741 2108 Carissimo
764 2041 796 2104 in
813 2039 942 2107 Christo
967 2039 986 2106 f.
1005 2063 1035 2106 n.
1054 2041 1194 2108 Henrico
1211 2040 1345 2126 Angliae
1361 2041 1428 2126 regi
1452 2041 1559 2108 illustri

186 2161 218 2213 et
243 2144 378 2213 domino
402 2145 571 2213 Hiberniae
595 2145 669 2213 fidei
694 2144 852 2213 defensori
876 2144 929 2213 sal.

294 2269 393 2350 Quod
410 2281 537 2338 nostrae
561 2270 738 2338 auctoritati
762 2268 867 2337 divina
882 2270 1038 2338 sententia
1062 2271 1094 2336 in
1118 2271 1208 2337 terris
1226 2272 1434 2338 commissum
1460 2268 1559 2337 credi·
1655 2261 1658 2278 ’

184 2389 318 2465 tumque
342 2374 509 2458 habemus,
532 2387 567 2443 ut
591 2375 833 2442 christianorum
859 2374 1054 2462 disciplinam
1084 2375 1181 2443 veluti
1206 2398 1406 2442 oeconomus
1434 2400 1469 2443 ac
1498 2375 1560 2444 dis-

185 2492 337 2569 pensator
361 2482 392 2547 in
424 2480 539 2548 familia
564 2482 698 2548 Domini
726 2495 820 2568 prout
853 2504 1031 2562 causarum,
1059 2500 1241 2568 temporum
1272 2495 1324 2548 aut
1352 2504 1558 2568 personarum

185 2586 316 2675 qualitas
340 2590 537 2674 persuaserit,
561 2586 592 2653 id
609 2589 642 2653 in
660 2588 805 2653 Domino
823 2585 980 2675 expedire,
1005 2586 1223 2654 moderemur:
1248 2587 1290 2654 ita
1309 2609 1369 2653 nos
1388 2589 1558 2674 accipimus

185 2693 503 2782 interpretamurque,
520 2704 555 2759 ut
570 2715 629 2780 pro
646 2692 809 2779 pastoralis
825 2691 1033 2758 solicitudinis
1050 2716 1121 2759 cura
1137 2691 1176 2758 ad
1192 2715 1301 2780 preces
1317 2692 1558 2780 supplicantium

188 2796 294 2865 faciles
326 2812 357 2866 et
387 2797 540 2885 benignas
569 2820 658 2864 aures
688 2799 889 2886 porrigentes
920 2810 1047 2865 nostrae
1078 2799 1242 2886 potestatis
1270 2796 1404 2865 modum
1433 2799 1478 2864 sic
1507 2822 1559 2865 ex·

189 2902 362 2984 hibeamus,
387 2916 421 2971 ut
444 2917 476 2971 et
498 2916 644 2991 paternae
668 2906 792 2992 pietatis
821 2903 968 2971 effectum
997 2916 1193 2991 praestemus
1223 2904 1387 2986 omnibus,
1419 2922 1451 2971 et
1478 2928 1559 2994 quos

187 3011 219 3076 in
244 3009 307 3077 fide
331 3033 366 3077 ac
390 3009 545 3096 religione
568 3008 686 3077 tuenda
711 3022 741 3077 et
762 3008 978 3076 conservanda
994 3007 1089 3076 studii
1112 3009 1226 3076 favoris
1251 3021 1283 3078 et
1298 3012 1329 3076 in
1354 3031 1413 3076 nos
1430 3009 1560 3078 Sedem·

188 3139 249 3205 que
272 3114 491 3203 Apostolicam
516 3114 714 3202 gratitudinis
743 3113 868 3182 insolita
892 3113 995 3182 officia
1024 3115 1117 3182 nobis
1145 3127 1217 3182 ante
1241 3132 1365 3182 ceteros
1393 3139 1559 3184 commen·

188 3221 346 3302 daverint,
382 3245 438 3288 eos
474 3244 512 3287 ex
547 3221 735 3288 meritorum
770 3222 892 3288 ratione
925 3223 1011 3308 quasi
1046 3220 1259 3288 vicissitudine
1295 3221 1429 3310 quadam
1462 3221 1558 3290 officii

188 3326 385 3394 uberioribus
408 3328 516 3414 gratiis
540 3337 780 3415 prosequentes,
813 3338 1092 3416 quantumcunque
1117 3349 1253 3408 novum,
1283 3339 1406 3414 praeter
1433 3352 1558 3396 morem

188 3445 240 3502 aut
265 3431 446 3521 exemplum
469 3431 612 3499 videatur
639 3431 727 3521 quod
755 3433 896 3519 agimus,
927 3430 1123 3519 indulgentia
1150 3431 1371 3516 nihilominus,
1400 3436 1498 3520 gratia
1528 3449 1560 3503 et

188 3538 383 3626 benignitate
407 3540 524 3606 nostris
547 3537 758 3606 sublevemus.
799 3538 884 3606 Cum
908 3561 986 3606 vero
1010 3557 1041 3604 te
1066 3539 1261 3606 carissimum
1286 3540 1318 3604 in
1336 3539 1465 3607 Christo
1490 3541 1557 3609 In.

189 3646 271 3712 inter
295 3656 419 3712 ceteros
443 3644 629 3712 christianos
652 3646 810 3732 principes
834 3668 933 3711 unum
954 3644 1015 3711 hoc
1032 3643 1157 3711 saeculo
1175 3645 1313 3711 extitisse
1335 3648 1559 3733 cognovimus,

189 3753 241 3840 qui
265 3749 362 3818 fidem
389 3749 538 3817 ecclesiae
563 3748 778 3817 orthodoxam
801 3750 885 3832 stilo,
909 3750 1025 3817 Sedem
1050 3749 1130 3817 hanc
1149 3749 1369 3838 Apostolicam
1393 3751 1498 3838 gladio
1522 3753 1559 3820 ab

190 3856 422 3925 haereticorum
446 3854 647 3944 improbitate
670 3856 867 3946 aliorumque
891 3858 1002 3923 iniuria
1025 3855 1212 3923 felicissimis
1234 3857 1429 3924 successibus
1453 3856 1560 3944 defen

190 3962 272 4045 disti,
298 3962 483 4050 captivitatis
507 3973 635 4029 nostrae
652 3985 759 4029 casum
784 3975 815 4028 et
837 3960 1006 4050 prohibere
1023 3985 1148 4048 semper
1172 3960 1316 4028 laborans
1333 3975 1365 4030 et
1388 3986 1467 4053 quae
1487 3977 1559 4032 tuae

189 4071 312 4158 pietatis
337 4086 385 4135 est
408 4067 605 4156 magnitude,
630 4066 791 4134 sublevare
813 4089 887 4155 prae
911 4069 1022 4134 ceteris
1046 4090 1175 4134 summo
1199 4091 1272 4134 cum
1296 4068 1402 4136 studio
1426 4091 1559 4138 conten·

191 4175 279 4257 dens,
304 4197 439 4262 regnum
462 4192 567 4242 autem
587 4173 721 4260 Angliae
736 4172 1008 4256 florentissimum,
1032 4173 1118 4263 quod
1142 4175 1209 4240 iure
1232 4175 1403 4242 clarissimo
1428 4195 1458 4244 et
1474 4199 1562 4265 aper-

189 4283 313 4348 tissimo
338 4279 492 4368 possides
515 4280 553 4347 ab
578 4281 713 4347 haeresis
737 4279 910 4346 calamitate
934 4290 1070 4347 sarctum
1094 4291 1215 4348 tectum
1238 4304 1363 4348 summa
1387 4306 1460 4349 cunr
1484 4286 1561 4370 vigi-

191 4387 284 4454 lantia
300 4388 494 4454 conservasti
511 4399 542 4453 et
558 4386 631 4453 Sedi
655 4408 781 4473 semper
797 4386 1002 4474 Apostolicae
1026 4385 1278 4469 devotissimum,
1303 4386 1413 4455 infide
1437 4412 1514 4456 vero
1532 4403 1563 4457 et

190 4493 346 4581 religione
370 4491 503 4560 colenda
526 4491 840 4560 observantissimum
865 4504 917 4559 tua
941 4515 1013 4559 cura
1042 4506 1073 4560 et
1100 4493 1297 4580 providentia
1325 4490 1488 4561 reddidisti
1517 4497 1562 4562 in-

192 4597 356 4667 estimabili
380 4597 465 4664 orbis
488 4597 576 4665 bono
601 4622 784 4686 magnoque
808 4617 864 4665 tuo
887 4610 957 4665 tum
982 4598 1063 4686 apud
1079 4599 1196 4681 Deum,
1220 4612 1287 4665 turn
1312 4597 1395 4687 apud
1415 4598 1562 4669 hommes
1608 4611 1610 4616 ’

192 4707 307 4772 merito
331 4703 490 4791 singulari,
515 4706 622 4794 sicque
645 4727 781 4791 regnum
798 4702 872 4771 illud
895 4716 985 4771 tuum
1010 4703 1174 4772 virtutibus
1191 4728 1320 4788 ornans,
1345 4709 1450 4774 omnis
1467 4710 1561 4776 etiam

191 4809 336 4900 querelae
360 4824 392 4878 et
415 4809 620 4878 dissensionis
646 4833 683 4876 ex
706 4811 904 4877 Lancastriae
927 4809 1131 4898 Eborumque
1159 4809 1282 4878 familiis
1311 4810 1351 4879 de
1374 4813 1466 4880 titulo
1495 4839 1563 4882 suc-

193 4918 345 4984 cessionis
361 4918 439 4984 oiim
456 4927 547 4984 natae
564 4935 595 4982 et
616 4928 841 4984 controversae
862 4917 1023 5008 multaque
1045 4918 1206 5004 sanguinis
1220 4917 1412 5005 ‚profusione
1429 4921 1564 4987 nimium

245 5057 351 5106 Ehses.
367 5056 495 5102 Rbmtrohe
512 5057 670 5101 Dokumente.
1419 5067 1432 5106 a
