3810 5528
271 281 333 344 184
1420 297 1540 353 Olrtober
1560 311 1638 368 ¹53¹·

269 454 326 522 illis
349 453 567 544 praeficiendis
590 455 848 542 gratificaremur.
895 458 965 524 Nec
988 457 1132 525 contenti
1147 457 1360 547 praefectione
1377 459 1471 526 etiam
1495 481 1531 526 ea
1547 481 1639 525 com-

270 561 424 630 moditate
454 585 489 630 ac
517 561 712 651 benignitate
736 563 885 631 homines
916 563 970 632 tibi
1003 575 1034 632 et
1065 563 1157 632 nobis
1188 565 1304 632 merito
1335 587 1424 631 caros
1453 565 1638 653 prosequuti

269 691 388 750 sumus,
412 691 507 757 quam
531 693 548 734 a
571 669 643 736 Tua
665 669 841 738 Serenitate
865 672 965 759 optari
990 668 1188 752 videbamus,
1218 683 1252 738 ut
1280 671 1370 737 omni
1400 695 1437 738 ex
1466 683 1551 758 parte
1580 669 1640 737 tibi

270 787 430 842 constaret
453 798 554 862 prona
578 799 613 842 ac
637 799 794 864 propensa
818 775 963 845 voluntas
993 800 1067 863 erga
1095 795 1126 844 te
1150 789 1267 844 nostra.
1315 777 1388 858 Qua
1416 777 1448 842 in
1477 798 1511 842 re
1542 777 1638 842 etiam

269 878 373 948 laetati
395 905 515 964 sumus,
538 881 731 951 venerabiles
756 881 865 951 fratres
888 895 1027 966 nostros,
1051 883 1082 951 S.
1107 884 1145 953 R.
1161 883 1195 950 E.
1220 882 1390 950 cardinales
1414 881 1521 950 libenti
1541 893 1638 971 atque

270 987 412 1054 unamini
434 1000 512 1054 voto
529 987 621 1054 nobis
642 1011 790 1057 assensos
814 1013 894 1072 esse,
919 1001 952 1057 ut
971 990 1083 1079 quibus
1106 991 1213 1056 omnis
1234 1003 1287 1057 tua
1303 988 1447 1056 voluntas
1463 989 1495 1054 in
1512 988 1639 1056 honore

270 1107 363 1183 atque
386 1117 495 1161 amore
519 1096 688 1182 praecipuo
713 1107 770 1178 est,
792 1115 828 1164 ut
851 1095 954 1164 debet.
999 1097 1084 1163 Nam
1108 1107 1142 1163 ut
1164 1095 1207 1163 illi
1231 1093 1270 1162 de
1293 1097 1355 1163 tuis
1378 1092 1418 1162 ad
1444 1118 1506 1161 nos
1527 1093 1640 1162 litteris

270 1222 306 1266 ac
340 1201 482 1288 ipsorum
514 1201 812 1288 promovendorum
848 1203 968 1270 meritis
999 1199 1165 1283 audierint,
1197 1202 1255 1269 etsi
1288 1203 1410 1268 inerant
1440 1199 1640 1269 difficultates

271 1305 442 1374 nonnullae
466 1329 533 1373 non
557 1309 658 1396 magis
682 1307 723 1374 ob
746 1331 831 1390 rem,
855 1332 949 1398 quam
973 1308 1171 1396 exemplum,
1200 1320 1306 1375 tamen
1338 1308 1386 1374 his
1413 1307 1561 1376 omnibus
1584 1331 1641 1374 au·

270 1412 419 1480 thoritate
443 1425 474 1480 et
497 1413 622 1482 caritate
646 1415 787 1482 nominis
810 1415 856 1482 tui
879 1415 1031 1504 superatis
1055 1439 1169 1482 omnes
1200 1436 1304 1502 prono
1332 1437 1461 1480 assensu
1489 1413 1581 1482 nobis
1604 1439 1641 1481 se

272 1517 513 1586 conformamnt
537 1537 568 1586 et
590 1519 681 1587 Tuae
696 1520 863 1590 Serenitati
887 1520 1053 1588 nobiscum
1078 1534 1152 1588 sunt
1167 1519 1341 1609 gratificati.
1381 1520 1475 1601 Quae
1491 1542 1551 1587 nos
1571 1543 1641 1587 non

272 1624 345 1692 ideo
365 1648 669 1708 commemoramus,
693 1629 768 1715 quin
792 1651 828 1694 ea
851 1650 925 1715 prae
948 1629 1008 1695 tuis
1033 1651 1107 1715 erga
1127 1650 1187 1693 nos
1211 1646 1243 1693 et
1265 1627 1346 1694 hanc
1361 1639 1501 1694 sanctam
1521 1625 1639 1694 Sedem

272 1730 392 1798 meritis
416 1753 519 1819 parva,
544 1743 578 1800 ut
600 1745 685 1815 sunt,
709 1735 937 1816 existimemus,
961 1732 1018 1802 sed
1040 1733 1127 1822 quod
1150 1752 1308 1822 optamus,
1332 1745 1366 1801 ut
1389 1731 1461 1800 Tua
1481 1732 1640 1800 Serenitas

272 1861 309 1904 ex
334 1837 382 1904 his
404 1839 507 1925 parvis
531 1836 680 1906 iudicium
704 1839 809 1924 faciat,
841 1839 933 1907 nobis
961 1841 986 1907 si
1015 1838 1144 1929 quando
1172 1838 1204 1906 id
1232 1838 1287 1906 tibi
1315 1863 1382 1906 non
1411 1840 1641 1920 concessimus,

272 1941 359 2032 quod
381 1943 546 2026 voluisses,
571 1946 676 2032 potius
700 1949 731 2012 in
756 1968 796 2013 eo
821 1945 957 2014 defuisse
980 1945 1159 2014 facultatem
1183 1969 1277 2035 quam
1300 1944 1506 2013 voluntatem.
1553 1944 1640 2012 Cum

271 2051 304 2116 in
329 2049 387 2131 his,
410 2073 490 2139 quae
513 2051 630 2139 gratiae
655 2063 686 2119 et
709 2053 849 2119 muneris
873 2054 973 2120 nostri
997 2071 1071 2120 sunt
1095 2075 1154 2120 nec
1177 2053 1210 2118 in
1233 2051 1367 2120 iustitiae
1394 2051 1567 2119 laesionem
1592 2073 1642 2117 re-

272 2155 429 2238 dundant,
460 2155 666 2225 libentissime
699 2159 719 2225 ii
749 2183 833 2226 nunc
863 2157 1015 2226 fuerimus
1040 2171 1071 2226 et
1094 2182 1164 2226 esse
1193 2181 1320 2246 semper
1350 2158 1528 2246 cupiamuS,
1558 2179 1641 2244 quos

269 2262 426 2351 praeclara
448 2274 501 2330 tua
524 2263 557 2329 in
581 2286 641 2331 nos
664 2263 770 2331 officia
792 2289 829 2332 ac
851 2263 1004 2332 beneficia
1021 2264 1231 2353 expostulant.
1277 2262 1312 2331 ld
1335 2275 1369 2332 ut
1392 2263 1550 2330 Serenitas
1566 2259 1639 2328 Tua

270 2367 328 2436 sibi
350 2366 546 2457 persuadeat,
570 2393 767 2459 magnopere
791 2370 828 2437 ab
852 2395 889 2438 ea
912 2373 1050 2459 petimus
1074 2383 1105 2439 et
1128 2368 1240 2459 cupide
1257 2383 1469 2459 expectamus.
1515 2368 1641 2450 Quem·

269 2473 444 2543 admodum
468 2475 545 2543 haec
569 2475 663 2543 etiam
688 2489 831 2544 oratores
853 2479 897 2545 tui
922 2475 960 2545 ad
982 2490 1015 2545 te
1038 2475 1240 2566 perscribent.

376 2598 495 2667 Datum
518 2599 642 2668 Romae
666 2619 718 2687 23.
743 2600 896 2670 Octobris
925 2624 936 2668 r
944 2622 1017 2688 531.
1063 2603 1161 2668 Anno
1185 2613 1310 2668 octavo.
1400 2687 1436 2754 Bl
1477 2686 1483 2699 ¹

887 2721 890 2725 -
1437 2709 1534 2754 osius.

482 2846 558 2902 Brev.
577 2847 640 2900 min.
660 2847 712 2902 vol.
729 2863 768 2918 37,
788 2865 813 2902 n.
827 2849 886 2916 485.
924 2849 979 2902 Das
998 2848 1142 2903 Schreiben
1161 2847 1208 2901 des
1221 2847 1333 2918 Konigs,
1352 2847 1378 2900 in
1391 2845 1525 2900 welchem
1543 2861 1573 2898 er
1586 2842 1643 2898 Lee

377 2933 417 2987 flu
440 2934 487 2988 das
513 2935 563 2989 seit
581 2934 709 3008 Wolseys
729 2935 791 2990 Tod
815 2941 868 3006 (29.
892 2937 1038 3008 xt1530)
1062 2936 1190 3007 erledigte
1215 2935 1364 2990 Erzbistum
1384 2934 1453 2988 l'orlt
1477 2932 1643 3004 prasentiert,

376 3021 400 3076 d.
416 3021 440 3076 d.
460 3022 602 3094 Hamptell,
624 3039 664 3078 12.
683 3023 729 3079 IX.
752 3040 813 3094 1531
838 3025 926 3095 (Instr.
945 3025 1056 3080 miscell.
1075 3026 1148 3079 Arm.
1164 3025 1210 3079 XI.
1230 3041 1300 3096 caps.
1317 3040 1339 3090 1,
1359 3041 1384 3078 n.
1401 3025 1443 3093 34)
1463 3023 1496 3076 ist
1514 3020 1645 3094 gedruclrt

377 3109 419 3163 bei
438 3109 563 3178 Theiner,
583 3130 608 3183 p.
630 3113 687 3182 598,
706 3131 732 3166 n.
750 3128 824 3184 1029,
844 3114 959 3181 Pococlr‚
979 3113 1085 3184 11.137.
1123 3111 1247 3166 Heinrich
1266 3112 1342 3166 bittet
1361 3111 1433 3165 dario
1453 3127 1498 3163 um
1516 3107 1643 3163 Ermissi-

376 3215 451 3269 gung
474 3199 521 3253 der
540 3199 645 3267 Taxen,
668 3201 722 3254 und
745 3201 778 3254 da
802 3201 848 3255 der
866 3201 947 3274 Papst
970 3203 996 3256 in
1019 3202 1081 3256 dem
1106 3203 1191 3255 Breve
1216 3218 1269 3254 von
1293 3201 1366 3254 einer
1389 3197 1556 3253 besonderen
1575 3197 1643 3251 ller-

377 3288 543 3359 gtmstigung
561 3289 668 3359 spricht‚
688 3289 730 3343 die
743 3306 772 3344 er
790 3289 842 3345 deu
861 3291 955 3345 beiden
974 3307 1060 3344 neuen
1075 3289 1217 3344 Bischofen
1235 3288 1359 3360 gewihrt
1376 3287 1453 3354 habe,
1472 3303 1503 3340 so
1517 3286 1551 3340 ist
1571 3284 1645 3339 ohne

378 3374 485 3429 Zweifel
505 3375 547 3429 die
565 3376 740 3450 Gewihruug
758 3378 845 3432 dieser
863 3379 1051 3452 Ennassigung
1068 3378 1191 3433 darunter
1209 3395 1241 3432 zu
1259 3375 1409 3431 versteheu.
1435 3373 1473 3455 IS.
1490 3374 1558 3427 Acta
1578 3389 1644 3427 con·

377 3463 516 3518 sistorialia
535 3482 596 3519 zum
617 3481 658 3520 20.
678 3465 799 3520 oltober
820 3483 894 3536 1531·

913 3733 1002 3815 109.

422 3885 601 3953 Clemens
621 3886 690 3953 VII.
715 3911 754 3954 an
779 3888 975 3956 Gardiner.
1026 3889 1123 3972 Rom,
1147 3909 1198 3975 23.
1224 3886 1371 3957 Olttober
1400 3907 1491 3973 1531.

380 4043 537 4116 Ernennung
562 4061 619 4114 aum
644 4045 749 4117 Bischos
771 4065 822 4100 vou
845 4047 1006 4112 Winchester,
1033 4036 1211 4119 [lbertragung
1238 4047 1284 4099 der
1310 4045 1420 4116 Leituug
1445 4046 1498 4098 urtd
1524 4044 1646 4100 Admini-

272 4135 390 4198 stration,
409 4133 455 4186 mit
474 4134 587 4203 einaiger
602 4133 745 4188 Ausnahme
763 4135 809 4188 der
826 4135 1014 4207 Weiliegewalt,
1033 4137 1069 4190 ln's
1086 4137 1128 4189 die
1146 4134 1325 4208 apostolischen
1337 4133 1438 4188 Breven
1456 4134 1568 4188 daritim
1586 4151 1647 4188 uus·

271 4222 394 4292 peserligt
412 4221 487 4275 seim.

455 4360 581 4429 Dilecto
605 4360 671 4428 filio
694 4362 856 4450 Stephano
881 4363 1081 4446 Gardineri0,
1106 4364 1208 4432 electo
1234 4364 1462 4431 Wintoniensi.

378 4485 420 4551 D.
445 4483 464 4552 f.
489 4485 543 4553 sal.
589 4484 746 4552 Ecclesiae
764 4487 981 4554 Wintoniensi
1004 4511 1060 4575 per
1084 4487 1207 4556 obitum
1230 4486 1395 4576 quondam
1411 4488 1561 4555 Thomae
1581 4509 1646 4554 car-

273 4588 384 4656 dinalis
406 4589 623 4673 Eboracensis,
647 4592 701 4680 qui
723 4592 823 4679 ipsam
847 4592 1012 4661 ecclesiam
1036 4619 1075 4662 ex
1099 4592 1335 4682 dispensatione
1359 4593 1544 4681 apostolica,
1568 4592 1647 4660 dum

274 4695 404 4777 viveret,
429 4696 604 4778 obtinebat,
636 4698 757 4765 vacanti
781 4697 819 4766 de
847 4721 983 4788 persona
1010 4712 1062 4768 tua
1091 4699 1130 4768 de
1160 4723 1267 4768 vener.
1299 4698 1430 4768 fratrum
1459 4710 1647 4767 nostrorum

276 4797 410 4865 consilio
426 4800 632 4887 providimus.
682 4803 836 4871 Volentes
853 4817 969 4888 autem,
994 4805 1071 4873 dum
1094 4805 1215 4874 litterae
1235 4805 1429 4895 apostolicae
1453 4803 1649 4892 superdicta

276 4903 459 4987 provisione
484 4905 701 4994 expediuntur,
726 4907 808 4977 dicta
831 4909 975 4992 ecclesia,
1005 4933 1083 5000 quae
1114 4910 1167 4978 diu
1192 4911 1326 4999 pastoris
1354 4909 1469 4978 solatio
1498 4909 1649 4979 destituta
