3810 5528
215 357 283 413 1531
308 341 435 396 Olrtober.
1525 325 1586 388 185

210 501 292 584 fuit,
322 502 355 568 in
384 498 592 590 spiritualibus
621 519 652 568 et
680 501 906 590 temporalibus
939 527 1005 570 non
1034 503 1167 591 patiatur
1195 499 1437 582 detrimentum,
1472 497 1527 567 tibi
1557 510 1591 567 ut

211 611 329 697 vigore
352 610 564 696 praesentium
588 608 751 696 regiminis
775 619 806 676 et
830 606 1111 677 administrationis
1135 609 1237 677 dictae
1262 607 1410 676 ecclesiae
1435 631 1469 674 ac
1493 607 1589 694 ipsius

211 716 378 783 bonorum
402 715 639 802 possessionem
657 715 798 803 accipere
814 716 976 804 ipsamque
994 715 1158 783 ecclesiam
1182 716 1214 782 in
1239 713 1358 782 eisdem
1379 711 1588 802 spiritualibus

212 834 249 888 et
272 819 508 908 temporalibus,
532 843 599 888 non
616 833 721 888 autem
747 821 777 887 in
802 821 860 904 his,
885 845 964 911 quae
980 833 1054 890 sunt
1078 821 1208 904 ordinis,
1232 843 1342 909 regere
1367 832 1399 887 et
1414 818 1589 907 gubernare

211 927 313 994 libere
337 946 367 994 et
391 925 473 995 licite
498 927 609 1008 valeas,
633 928 818 994 auctoritate
841 928 1014 1016 apostolica
1037 951 1093 1017 per
1116 926 1243 995 easdem
1268 938 1449 1014 praesentes
1474 949 1589 994 conce·

211 1032 322 1102 dimam
346 1045 377 1100 et
400 1031 601 1121 indulgemus
609 1058 618 1116 ;
648 1033 833 1101 mandantes
857 1057 963 1101 vener.
992 1033 1077 1103 fratri
1106 1035 1345 1122 archiepiscopo
1369 1033 1589 1101 Cantuariensi

212 1160 248 1208 et
271 1138 392 1209 dilectis
421 1138 491 1206 filiis
520 1140 667 1227 capitulo,
697 1137 794 1222 clero,
824 1140 961 1208 vassallis
995 1165 1030 1208 ac
1059 1141 1179 1229 populo
1212 1140 1344 1208 civitatis
1375 1151 1406 1207 et
1434 1137 1589 1207 dioecesis

213 1247 463 1326 Wintoniensis,
486 1263 520 1312 ut
544 1264 575 1313 te
600 1247 632 1311 in
656 1247 842 1335 episcopum
867 1266 898 1315 et
922 1259 1082 1335 pastorem
1112 1258 1348 1336 recognoscant
1372 1260 1404 1314 et
1427 1246 1588 1334 recipiant,

211 1351 421 1422 adhortantes
438 1352 600 1420 Carnium.
626 1353 657 1418 iu
678 1353 807 1421 Christo
831 1351 928 1420 filium
956 1365 1101 1421 nostmm
1124 1355 1299 1422 Henricum
1323 1351 1456 1441 Angliae
1479 1375 1588 1440 regem

211 1456 292 1526 fidei
315 1456 528 1539 defensorem,
553 1477 586 1526 ut
610 1457 664 1525 tibi
689 1459 720 1524 in
745 1460 923 1546 praemissis
946 1457 1047 1526 faveat
1070 1472 1101 1527 et
1125 1461 1255 1528 assistat.
1291 1460 1368 1526 Non
1394 1458 1588 1527 obstantibus

209 1563 268 1631 bo.
294 1587 390 1630 mem.
416 1564 549 1631 Ottonis
574 1576 605 1632 et
628 1563 791 1633 Ottoboni
822 1564 898 1630 olim
926 1565 960 1631 in
988 1589 1089 1653 regno
1113 1565 1247 1654 Angliae
1270 1565 1476 1654 Apostolicae
1499 1565 1589 1633 Sedis

209 1669 394 1759 legatorum
418 1693 454 1737 ac
476 1669 542 1738 aliis
565 1671 747 1759 apostolicis
770 1693 806 1738 ac
830 1671 862 1737 in
885 1670 1127 1758 provincialibus
1151 1682 1181 1739 et
1209 1671 1412 1762 synodalibus
1448 1671 1589 1739 conciliis

210 1777 393 1866 specialiter
417 1776 466 1844 vel
489 1777 678 1864 generaliter
703 1774 793 1845 editis
817 1778 940 1845 statutis
964 1790 996 1845 et
1018 1778 1298 1846 constitutionibus
1322 1790 1381 1846 etc.

322 1902 441 1968 Datum
466 1901 599 1982 Romae,
623 1900 674 1968 die
699 1921 750 1987 23.
776 1879 928 1969 Octobris
957 1921 1047 1988 1531.
1095 1903 1192 1969 Anno
1216 1914 1343 1970 octavo.

1271 2059 1479 2149 Evangelista.

428 2237 521 2291 Brevia
545 2237 586 2292 Cl.
606 2237 663 2292 Vll.
688 2238 740 2292 vol.
763 2253 802 2307 51,
828 2256 852 2309 p.
875 2239 949 2310 1891.
996 2238 1044 2292 Ein
1070 2239 1297 2310 entsprecheodes
1322 2238 1467 2293 Schreiben
1493 2236 1588 2307 erging

322 2323 491 2397 gleichzeitig
510 2343 542 2379 an
561 2325 665 2380 Eduard
677 2325 732 2380 Lee
751 2326 792 2380 sur
810 2326 856 2380 das
876 2326 1023 2380 Erzbistum
1036 2327 1114 2381 Yorlr.
1152 2327 1203 2381 Die
1223 2327 1318 2382 beiden
1337 2345 1380 2382 am
1396 2325 1521 2381 Schlusse
1540 2339 1587 2395 ge·

322 2422 439 2467 nannten
458 2413 623 2485 papstlichen
642 2415 762 2486 Legaten
780 2414 839 2468 siud
857 2414 899 2468 die
918 2415 1060 2469 Kardina'tle
1075 2414 1142 2469 Otto
1161 2433 1213 2470 von
1233 2415 1270 2470 St.
1290 2415 1418 2470 Nikolaus
1436 2415 1463 2468 in
1482 2429 1587 2468 carcere

323 2501 446 2556 Tulliano
466 2501 518 2556 und
537 2501 668 2556 Ottoboni
688 2520 741 2556 von
760 2502 797 2557 St.
818 2503 940 2570 Hadrian,
963 2503 1005 2557 die
1024 2503 1154 2558 wahrend
1172 2503 1219 2558 der
1237 2503 1414 2557 sturrnischen
1433 2501 1589 2572 Regierung

322 2589 461 2644 Heinrichs
479 2590 525 2644 ΙΙΙ.
545 2589 747 2661 (1216—1272)
768 2593 827 2645 eine
851 2591 914 2645 sehr
932 2601 1080 2663 gesegnete
1099 2591 1254 2662 Thatigkeit
1276 2591 1303 2644 in
1322 2591 1444 2663 England
1467 2588 1588 2672 entialtet

321 2678 421 2734 hatten.

862 2876 944 2959 110.

348 3031 421 3116 Jac.
445 3030 602 3099 Salviati
625 3055 665 3099 an
690 3032 941 3122 Campeggio.
988 3035 1083 3116 Rom,
1108 3054 1160 3122 24.
1185 3033 1334 3103 Oktober
1362 3054 1454 3121 1531.

322 3189 455 3262 Fortgong
473 3191 516 3244 des
534 3190 667 3261 Processes,
689 3193 722 3246 ria
741 3193 787 3246 der
805 3193 899 3247 Kaisar
918 3193 970 3244 und
987 3193 1029 3246 die
1047 3193 1163 3264 Kortigin
1183 3193 1330 3247 Katharina
1353 3195 1455 3265 dancus
1472 3192 1589 3257 bestehen,

208 3279 320 3333 obschon
342 3279 389 3332 der
407 3278 482 3350 Papst
506 3279 567 3332 raoch
587 3281 676 3332 inraner
696 3280 752 3334 Zeit
772 3283 908 3350 gewinnen
932 3281 1034 3344 naochte,
1058 3281 1210 3335 nonientlich
1229 3284 1298 3350 jetrt,
1323 3282 1356 3336 da
1376 3301 1436 3335 anan
1459 3282 1524 3346 bort,
1547 3283 1590 3334 die

207 3366 392 3438 Leidenscbast
414 3368 456 3420 des
475 3367 574 3439 Konigs
588 3369 640 3439 sair
660 3367 736 3422 Arana
756 3370 848 3440 Boleyn
871 3373 907 3422 sei
926 3387 968 3423 am
989 3369 1148 3423 Nachlussen.
1188 3369 1319 3423 Schreibeu
1342 3371 1384 3423 des
1403 3371 1502 3441 Korrigs
1526 3370 1589 3424 nach

210 3456 290 3521 Rom
312 3458 368 3510 voli
385 3456 463 3510 Lobes
477 3457 529 3527 sair
546 3457 593 3510 das
611 3457 743 3510 Verbalten
761 3459 803 3512 des
821 3476 905 3529 sogen.
926 3459 1088 3524 Exkusators,
1111 3460 1195 3512 valler
1213 3458 1315 3530 Klagea
1338 3477 1420 3529 gagen
1438 3458 1486 3511 den
1504 3457 1588 3530 Papst,

208 3544 261 3598 der
280 3545 368 3598 bereits
386 3563 421 3598 un
438 3545 505 3598 diere
525 3543 634 3617 Sprache
650 3546 766 3617 gewohat
786 3549 824 3600 ist.
863 3547 1031 3619 Empsehlung
1042 3547 1093 3618 sair
1111 3549 1159 3600 den
1179 3547 1266 3601 Boron
1285 3565 1336 3601 von
1356 3546 1463 3617 Burgio.

322 3685 355 3753 Si
378 3685 516 3773 procede
539 3688 670 3754 tuttavia
696 3686 778 3754 nella
802 3711 893 3755 causa
917 3687 1146 3776 d’lnghilterra,
1171 3707 1202 3754 et
1225 3687 1340 3776 poiche
1371 3691 1437 3755 cosi
1460 3687 1548 3775 piace
1572 3711 1589 3754 a

210 3793 278 3858 Sua
306 3791 427 3860 Maesta
455 3792 591 3860 Cesarea
627 3805 658 3861 et
694 3792 750 3860 alla
779 3794 898 3861 Sermo.
929 3795 1052 3882 regina,
1081 3795 1143 3861 Sua
1171 3794 1291 3862 Santita
1318 3793 1409 3862 lascia
1437 3791 1534 3861 andar
1560 3794 1589 3862 la

209 3897 332 3965 iustitia
354 3919 410 3985 per
433 3896 454 3964 il
478 3921 573 3965 corso
597 3921 674 3982 suo;
698 3923 776 3967 vero
801 3905 828 3983 e,
852 3900 911 3967 che
935 3900 974 3967 lei
999 3904 1016 3966 ὲ
1040 3899 1119 3967 della
1143 3899 1317 3968 medesima
1341 3902 1504 3988 opinione,
1530 3900 1588 3968 che

209 4005 242 4071 la
265 4026 339 4071 vera
363 4027 435 4070 cura
459 4002 490 4071 di
514 4016 628 4093 questo
652 4004 734 4072 male
756 4005 840 4072 fusse
865 4006 884 4072 il
907 4004 1088 4094 guadagnar
1108 4018 1219 4094 tempo
1245 4018 1276 4074 et
1298 4008 1544 4075 maximamente
1562 4009 1589 4074 si

209 4133 292 4176 vero
316 4107 400 4176 fusse
423 4108 528 4199 quello
558 4109 617 4177 che
645 4109 677 4176 di
700 4110 830 4200 qualche
855 4111 970 4200 luogo,
1001 4136 1067 4179 non
1097 4136 1134 4179 so
1165 4115 1243 4201 perd
1272 4125 1391 4202 quanto
1420 4113 1528 4201 degno
1557 4113 1588 4181 di

207 4214 297 4298 fede,
320 4213 492 4298 s’intende‚
522 4215 580 4282 che
610 4215 710 4305 quella
733 4216 868 4305 Signora
892 4220 986 4286 Anna
1009 4220 1166 4286 comincia
1190 4243 1207 4286 a
1231 4218 1368 4288 declinar
1397 4219 1469 4309 quel
1497 4232 1586 4288 tanto

208 4320 314 4404 favor,
338 4321 391 4388 nel
414 4320 485 4411 qual
509 4343 561 4388 era
584 4345 734 4411 appresso
758 4324 779 4390 il
803 4324 927 4392 Sermo.
952 4348 996 4392 re.

320 4414 345 4494 E
368 4440 485 4495 venuta
507 4451 570 4495 una
592 4428 703 4497 lettera
726 4429 777 4498 del
799 4430 924 4498 Sermo.
949 4430 1107 4519 d’rtngtia,
1133 4432 1250 4499 directa
1273 4455 1290 4498 a
1313 4431 1419 4522 quello
1436 4432 1586 4520 Anglese‚

209 4533 274 4602 che
297 4535 348 4622 gii
372 4556 539 4622 comparse
563 4557 657 4602 come
682 4559 748 4604 uno
772 4535 852 4604 della
876 4538 985 4604 nation
1009 4561 1026 4604 a
1049 4535 1094 4604 far
1117 4561 1185 4604 non
1208 4561 1245 4604 so
1271 4538 1329 4605 che
1353 4539 1501 4625 protesti,
1531 4561 1588 4627 per

207 4641 242 4708 la
265 4639 337 4729 qual
359 4640 469 4708 lettera
493 4640 525 4707 S.
542 4641 587 4707 M.
611 4639 701 4708 lauda
718 4652 748 4708 et
764 4663 902 4730 approva
918 4641 1022 4725 l'acto,
1047 4643 1105 4710 che
1122 4643 1206 4711 colui
1224 4641 1308 4727 fece;
1331 4667 1390 4732 pur
1407 4667 1473 4712 non
1491 4645 1587 4714 credo

208 4747 258 4813 sia
283 4768 357 4812 cosa
380 4744 490 4813 valida.
526 4747 563 4812 ln
579 4769 647 4814 essa
670 4744 780 4815 lettera
801 4748 828 4814 si
851 4771 948 4836 prega
969 4748 1012 4815 N.
1030 4749 1165 4837 Signore
1182 4774 1224 4817 un
1241 4772 1325 4837 poco
1342 4751 1586 4835 sinistramente‚

209 4873 309 4920 come
333 4851 393 4918 che
416 4850 541 4920 decreta
565 4875 621 4919 sua
644 4851 720 4940 figat
743 4871 774 4919 et
789 4852 911 4941 refigat,
936 4865 967 4921 et
990 4854 1085 4922 simili
1100 4854 1219 4944 parole,
1243 4853 1300 4922 alle
1324 4854 1405 4944 quali
1429 4859 1507 4945 pero
1523 4857 1586 4926 Sua

207 4956 412 5027 Beatitudine
437 4957 476 5026 ha
499 4959 550 5046 gia
572 4958 742 5025 l'orecchie
766 4982 886 5027 avezze.
