3782 5532
198 393 266 452 1529
284 379 353 450 Juni.

855 575 913 657 47.

258 733 497 820 Campeggio
520 756 559 799 an
583 734 655 818 jac.
680 731 848 801 Salviati.
895 731 1045 814 London,
1074 733 1122 798 16.
1147 729 1212 798 und
1239 733 1287 799 18.
1311 732 1383 816 Juni
1412 751 1505 818 15²9·

306 891 519 963 Vorbereitungen
530 892 582 962 sair
595 893 644 944 den
661 891 763 945 Tarmia
781 891 879 944 urard.
893 891 962 960 Juni.
1001 892 1110 944 Zweitrr
1122 890 1216 943 Besurh
1233 891 1279 943 der
1292 891 1407 962 Konigin
1421 891 1568 945 Katharina

193 981 234 1032 bei
254 979 420 1052 Campeggio.
459 980 590 1033 Schreiben
611 980 736 1034 Salvintis
759 998 819 1033 vom
840 997 878 1048 15.
904 980 970 1034 Mai.
1006 979 1193 1050 Vermutuagen
1217 979 1277 1032 uber
1299 980 1345 1032 das
1367 979 1500 1032 Verbalten
1522 980 1568 1032 der

193 1067 311 1139 Kcinigin
335 1069 374 1120 bei
395 1070 452 1121 dem
475 1069 682 1123 levorstehenderr
707 1069 807 1140 Regina
830 1069 872 1122 des
895 1069 1152 1138 Proqessversahrens.
1193 1067 1284 1138 Grosse
1308 1068 1516 1139 Zurriclrhaltung
1540 1071 1568 1120 in

194 1157 318 1228 Englaad
337 1158 482 1228 gegemilrer
504 1158 552 1211 den
570 1157 782 1228 Verbundlungen
806 1160 834 1210 in
855 1157 979 1212 Cambrai
1002 1155 1055 1227 (16.
1075 1156 1156 1225 Iuni).
1199 1145 1325 1210 1113333113
1344 1157 1502 1228 persdnliche
1519 1157 1567 1210 Be-

192 1247 322 1316 ter'ligung
340 1247 383 1299 des
401 1245 501 1318 Papstes
519 1265 553 1300 on
572 1247 620 1299 den
635 1246 974 1317 friedensverhandlungnr.
1012 1245 1099 1298 Erstcr
1114 1245 1316 1317 provisorischer
1330 1245 1431 1298 Bericht
1449 1246 1509 1300 tiber
1526 1247 1569 1299 die

194 1333 364 1387 Protestation
384 1336 436 1386 rand
455 1334 617 1406 Appellatiorr
636 1335 682 1386 der
701 1334 817 1406 Konigin
835 1353 876 1388 am
897 1342 977 1388 ersten
998 1332 1172 1404 Gerichtstage
1191 1333 1245 1402 (18.
1264 1333 1347 1402 June).

301 1491 471 1579 Magnifice
494 1505 553 1560 etc.
601 1494 674 1561 Con
698 1505 807 1583 questa
830 1496 898 1560 sart
921 1492 941 1559 il
964 1492 1143 1582 dupplicato
1163 1492 1201 1561 de
1225 1491 1254 1560 le
1278 1491 1387 1560 ultime
1410 1493 1485 1574 mie,
1509 1493 1567 1560 che

192 1595 288 1664 10303
312 1597 353 1665 de
375 1599 435 1680 IV;
465 1601 543 1686 pero
572 1621 638 1666 non
663 1599 706 1666 ho
734 1599 872 1686 bisogno
896 1598 935 1666 de
965 1598 1114 1686 replicare
1142 1597 1247 1688 quello
1277 1597 1337 1666 che
1364 1622 1418 1666 me
1441 1597 1569 1666 indusse

192 1701 313 1770 allhora
336 1727 353 1770 a
372 1706 518 1787 scrivere,
543 1705 601 1772 che
617 1704 650 1772 10
672 1705 809 1772 l’havere
826 1704 900 1772 dato
924 1706 1078 1794 principio
1102 1729 1119 1772 a
1136 1717 1245 1794 questa
1269 1716 1378 1772 nostra
1394 1727 1485 1772 causa
1505 1727 1567 1771 con

193 1807 332 1877 l'havere
356 1809 481 1878 decreta
510 1835 571 1878 una
604 1813 753 1880 citatione
777 1836 793 1878 3
817 1812 919 1901 questi
943 1812 1056 1879 Sermi.
1082 1835 1116 1878 re
1139 1835 1195 1901 per
1218 1810 1238 1877 li
1261 1811 1370 1878 XVIII
1393 1810 1424 1879 di
1454 1822 1568 1899 questo

193 1939 293 1998 mese,
317 1915 350 1983 lo
374 1916 445 2006 qual
467 1919 606 1985 termino
630 1941 697 1985 non
722 1941 773 1985 era
797 1940 895 1985 ancor
918 1918 1032 2006 gionto
1056 1941 1073 1984 a
1096 1918 1198 2007 quest'
1223 1918 1301 1985 hora
1325 1916 1408 1984 ch’io
1432 1918 1567 2000 scrivea;

192 2024 272 2110 perd
297 2047 365 2090 non
389 2035 504 2112 poteva
528 2026 609 2091 circa
633 2023 659 2090 la
684 2025 914 2113 compositione
939 2022 1007 2092 dirli
1031 2023 1121 2092 altro.
1168 2025 1208 2092 Se
1232 2035 1341 2114 questa
1368 2022 1478 2092 lettera
1501 2046 1567 2090 non

192 2130 239 2196 mi
261 2129 363 2196 0301331
387 2129 418 2197 di
442 2152 538 2197 mano
562 2131 662 2219 prima
679 2130 737 2198 che
761 2132 806 2197 sia
828 2131 941 2217 gionto
966 2129 986 2197 il
1009 2130 1126 2218 giorno
1149 2132 1288 2212 statuito,
1312 2153 1329 2196 a
1353 2125 1436 2217 piedi
1452 2129 1484 2196 di
1501 2153 1569 2196 essa

191 2234 221 2301 le
246 2237 443 2324 sogiugnero
467 2235 489 2303 il
510 2239 646 2324 seguit0.

298 2340 323 2407 11
346 2364 381 2409 30
404 2341 482 2409 hieri
506 2341 538 2409 10
557 2341 596 2410 de
620 2344 743 2410 ritorno
760 2367 777 2410 a
794 2343 989 2424 Granvicho,
1014 2341 1110 2410 credo
1134 2365 1190 2430 per
1206 2365 1310 2410 essere
1333 2365 1351 2409 a
1374 2353 1488 2431 questo
1506 2352 1569 2409 ter·

191 2449 283 2515 mino
308 2449 361 2537 pih
385 2449 580 2538 propinquo,
605 2463 636 2517 et
659 2447 686 2516 la
709 2449 797 2516 reina
820 2447 871 2516 nel
894 2472 1018 2537 passare
1042 2448 1123 2518 oltre
1147 2451 1240 2537 passi)
1262 2446 1382 2538 l'acqua
1410 2460 1441 2515 et
1463 2470 1568 2515 venne

191 2579 209 2620 a
234 2555 446 2637 ritruovarmi,
471 2567 502 2622 et
524 2578 581 2644 per
603 2555 702 2642 gratia
725 2553 765 2622 de
788 2552 817 2621 le
840 2556 904 2622 mie
928 2553 1079 2642 podagre,
1104 2553 1162 2622 che
1186 2579 1203 2621 a
1226 2565 1336 2644 questa
1350 2552 1437 2622 volta
1460 2553 1568 2621 hanno

193 2684 256 2727 con
282 2685 352 2728 esse
376 2662 408 2726 in
426 2661 615 2750 compagnia
638 2685 681 2728 un
704 2684 789 2749 poco
806 2660 836 2728 di
860 2658 1045 2729 alteratione
1062 2660 1101 2728 de
1124 2661 1212 2743 febri,
1236 2659 1353 2726 sinoal
1375 2658 1465 2741 letto,
1488 2661 1568 2728 assai

192 2767 284 2833 auxia
308 2779 340 2833 et
362 2766 509 2854 perplexa
532 2769 583 2835 ne’
608 2768 669 2834 casi
693 2768 775 2849 suoi,
799 2779 830 2834 et
852 2766 880 2834 la
904 2769 1037 2854 cagione
1054 2766 1085 2834 di
1108 2780 1218 2857 questa
1241 2791 1296 2834 sua
1318 2777 1434 2834 venuta
1457 2764 1489 2832 10
1512 2788 1568 2853 per

193 2871 297 2954 dirmi,
322 2873 381 2940 che
404 2872 424 2940 11
448 2872 592 2942 advocati
614 2875 695 2956 suoi,
719 2875 778 2942 che
794 2873 940 2942 doveano
964 2875 1072 2942 venire
1096 2873 1128 2942 di
1143 2869 1286 2955 Fiandra,
1310 2895 1376 2939 non
1398 2873 1567 2954 venivan0,

192 2979 310 3066 perche
334 3003 463 3067 pareva,
488 2980 546 3048 che
571 2981 687 3048 Cesare
711 2981 843 3049 havesse
866 2979 943 3048 fatto
967 2980 1133 3049 intendere
1155 2980 1242 3062 lor0,
1272 2980 1331 3047 che
1354 3003 1422 3047 non
1445 2978 1567 3063 voleva,

192 3085 310 3173 perche
334 3084 363 3151 la
385 3085 471 3174 plaza
493 3109 559 3154 non
585 3091 601 3154 0
625 3088 741 3170 sicura,
772 3099 803 3155 et
826 3089 904 3175 perh
935 3088 993 3155 che
1017 3112 1051 3155 se
1075 3086 1194 3156 vedeva
1224 3086 1372 3155 destituta
1394 3086 1425 3155 di
1450 3086 1499 3154 chi
1523 3085 1568 3156 di-

192 3214 281 3258 cesse
304 3191 334 3258 la
357 3193 488 3280 ragione
512 3216 578 3275 soa,
602 3194 660 3261 che
683 3193 806 3262 benche
829 3193 960 3262 havesse
984 3194 1037 3283 qui
1053 3193 1155 3262 alcuni
1178 3193 1247 3261 altri
1271 3191 1452 3280 consiglieri
1471 3195 1567 3283 assig-

191 3296 279 3364 natili
303 3296 353 3365 dal
375 3320 425 3381 re,
454 3321 513 3386 pur
536 3299 594 3367 che
618 3323 670 3367 era
698 3298 768 3367 facil
792 3322 866 3367 cosa
889 3322 907 3367 a
929 3299 1072 3382 credere,
1097 3299 1156 3367 che
1179 3301 1212 3366 in
1235 3311 1318 3368 tutto
1343 3300 1567 3369 mirarebbono

191 3403 247 3490 pin
270 3402 299 3470 al
321 3401 430 3470 volere
455 3403 505 3472 del
528 3427 578 3487 re,
611 3406 669 3473 che
693 3404 721 3473 al
744 3406 882 3494 bisogno
913 3429 987 3489 suo;
1017 3405 1102 3474 onde
1132 3407 1176 3472 mi
1208 3405 1393 3475 dimandava
1422 3408 1507 3474 aiuto
1537 3419 1568 3474 et

191 3507 362 3596 consiglio.
407 3509 444 3576 10
473 3509 690 3598 rispondendo
719 3511 747 3579 13
776 3511 931 3579 003103131
954 3511 994 3580 ad
1021 3512 1136 3579 havere
1160 3512 1248 3579 buon
1278 3511 1386 3578 animo
1417 3523 1447 3580 et
1475 3535 1516 3579 ne
1539 3511 1568 3580 la

190 3615 307 3683 iustitia
331 3613 382 3682 del
405 3638 439 3682 re
456 3628 487 3683 et
510 3640 551 3684 ne
567 3616 595 3684 la
618 3619 812 3686 conscientia
836 3630 867 3687 et
883 3617 1020 3687 dottrina
1038 3615 1077 3687 de
1100 3619 1203 3709 questi
1218 3617 1337 3707 prelati,
1362 3617 1420 3685 che
1436 3616 1465 3686 10
1481 3640 1565 3686 3030

190 3722 342 3808 assignati
374 3744 429 3809 per
453 3721 648 3810 consiglieri,
681 3737 712 3793 et
736 3725 795 3792 che
818 3737 917 3792 stesse
941 3726 1058 3807 sicura,
1090 3725 1148 3792 che
1178 3724 1216 3793 da
1245 3725 1302 3793 noi
1325 3723 1418 3813 legati
1450 3748 1517 3792 non
1541 3727 1567 3792 si

190 3827 318 3895 farebbe
342 3849 376 3893 se
399 3850 466 3894 non
489 3841 608 3916 quanto
632 3829 715 3897 fusse
740 3829 771 3898 di
794 3831 909 3898 iustitia
934 3842 965 3899 et
988 3831 1019 3899 di
1043 3832 1184 3918 ragione.

299 3933 358 3999 Poi
381 3935 426 4000 mi
449 3933 600 4003 dimando
624 3935 664 4004 de
686 3935 748 4004 litis
778 3932 948 4025 pendentia
972 3950 1004 4005 et
1027 3961 1120 4005 come
1144 3937 1170 4004 si
1194 3950 1320 4026 potesse
1349 3939 1502 4006 innovare
1526 3937 1567 4005 al·

190 4063 273 4107 cuna
296 4061 372 4106 cosa
395 4039 565 4127 pendendo
588 4039 617 4108 13
633 4064 724 4110 causa
748 4043 780 4109 in
796 4043 901 4111 Roma
923 4044 1026 4110 inanzi
1049 4067 1067 4110 a
1090 4043 1567 4113 803533111131133333133310331
1669 4111 1671 4116 .

190 4145 265 4235 quel
287 4145 374 4213 ch'io
397 4148 514 4234 sapessi
537 4147 568 4215 di
584 4160 693 4237 questa
713 4171 797 4232 cosa,
822 4160 852 4217 et
875 4173 909 4216 se
931 4149 960 4216 13
984 4172 1075 4217 causa
1092 4173 1144 4216 era
1167 4162 1311 4234 avocata;
1337 4162 1368 4217 et
1390 4148 1419 4216 le
1442 4151 1567 4239 risposi,

190 4253 252 4321 che
273 4275 290 4320 a
314 4275 368 4320 me
392 4264 540 4321 constava
564 4277 620 4342 per
643 4253 753 4325 lettere
777 4255 816 4322 de
839 4256 903 4323 XV
927 4253 978 4322 del
1001 4267 1136 4344 passat0,
1160 4256 1219 4322 che
1242 4279 1299 4344 per
1321 4255 1483 4339 instantia,
1509 4256 1567 4322 che

189 4381 233 4426 30
256 4357 341 4426 10330
356 4357 442 4440 13113,
464 4357 493 4426 13
509 4362 739 4428 commissione
762 4384 829 4428 non
849 4385 901 4428 era
924 4362 1056 4450 signata,
1081 4374 1112 4430 et
1127 4386 1183 4451 per
1206 4373 1330 4451 questo,
1355 4361 1414 4429 che
1429 4361 1458 4430 la
1475 4385 1567 4430 causa

190 4488 259 4532 non
282 4463 428 4554 pendeva
450 4466 482 4531 in
507 4479 611 4550 corte,
636 4479 668 4536 et
690 4467 749 4535 che
774 4466 920 4536 havendo
944 4468 1006 4536 Sua
1028 4468 1148 4536 Santitd
1171 4467 1310 4556 deputati
1334 4465 1409 4535 duoi
1433 4467 1526 4556 legati
1550 4492 1567 4535 a

189 4583 301 4660 questa
318 4572 505 4658 cognitione
520 4595 588 4638 non
607 4596 700 4640 senza
717 4571 871 4662 consiglio
889 4585 920 4642 et
935 4572 1155 4657 1031300310,
1179 4574 1239 4642 che
1257 4597 1325 4641 303
1348 4571 1377 4640 13
1395 4575 1566 4657 revocaria,

190 4701 226 4744 se
249 4700 315 4744 non
335 4699 396 4743 con
420 4699 498 4764 gran
514 4676 706 4746 discretione
727 4689 759 4746 et
774 4677 1039 4747 consideratione.
1082 4681 1126 4747 La
1143 4679 1299 4747 confortai
1321 4704 1338 4747 a
1362 4702 1474 4767 pregar
1490 4679 1566 4762 Dio,
1654 4675 1658 4684 '

190 4783 251 4850 che
274 4781 302 4849 la
326 4781 517 4851 illuminasse
541 4782 572 4851 di
595 4784 723 4873 pigliare
751 4786 783 4851 in
812 4797 921 4874 questa
948 4798 1035 4854 tanta
1064 4784 1214 4854 difficutta
1240 4785 1372 4875 qualche
1400 4784 1483 4853 bona
1506 4787 1566 4869 via,

190 4887 426 4958 considerando
449 4888 530 4958 bene
554 4889 575 4957 il
597 4903 679 4962 stato
703 4915 763 4959 suo
783 4903 815 4960 et
837 4889 858 4958 li
881 4894 980 4980 tempi
1004 4905 1035 4960 et
1058 4892 1079 4959 il
1093 4891 1165 4975 ,fine
1190 4893 1229 4961 de
1251 4891 1280 4959 le
1305 4915 1391 4976 cose,
1415 4889 1565 4962 donando

189 5020 207 5063 3
232 4995 297 5062 1)10
320 5020 341 5063 0
365 5007 449 5064 tutto
474 5019 494 5062 o
517 4995 546 5064 la
568 4999 715 5087 maggior
745 5009 833 5086 parte
857 4998 888 5068 di
911 5000 1013 5088 questi
1041 5001 1112 5066 suoi
1134 4999 1261 5067 affanni.
1307 5000 1345 5068 Et
1375 5000 1497 5068 benche
1522 5001 1566 5069 sia
