3824 5528
352 346 416 408 120
1575 356 1626 427 Juli
1647 369 1721 426 ¹5²9-

351 517 429 601 libri,
453 521 547 588 etiam
571 521 674 590 alcuni
698 521 828 606 dottori,
853 547 903 590 ma
928 546 989 591 con
1014 525 1130 592 timor'e
1154 534 1185 590 et
1209 544 1303 590 come
1327 520 1366 588 da
1388 544 1433 601 se,
1456 522 1498 586 ne
1521 541 1538 585 a
1561 539 1659 584 nome
1681 513 1721 581 de

352 625 490 693 lateina
512 626 597 715 parla
619 629 673 715 piu
696 628 819 697 alcun0.
865 629 897 698 Si
921 643 1080 719 aspettava
1103 631 1157 698 un’
1181 630 1369 697 avocatione
1393 651 1414 694 o
1438 624 1677 714 suspensione«.

457 731 584 802 Ionon
607 737 757 803 mancard
782 735 832 804 del
855 735 962 804 debito
990 755 1022 804 et
1045 735 1154 804 officio
1178 737 1256 818 mio,
1284 758 1344 802 nec
1371 732 1509 821 prudens
1537 741 1589 798 aut
1611 726 1721 794 volens

352 838 563 921 committam,
588 839 647 908 che
669 839 783 908 alcuno
807 840 839 908 di
863 865 914 909 me
938 846 964 909 si
988 865 1081 931 possa
1103 841 1279 924 biasimare,
1303 853 1335 908 et
1355 836 1503 908 venendo
1527 859 1545 903 a
1567 833 1721 902 sententia

352 965 419 1012 non
437 944 555 1012 havero
577 945 657 1014 altro
673 945 732 1014 che
748 947 813 1014 Dio
837 948 940 1016 inanzi
962 948 1005 1038 gli
1021 949 1124 1031 occhi,
1149 959 1180 1016 et
1203 947 1331 1016 l'honor
1347 945 1378 1013 di
1393 955 1503 1035 questa
1526 953 1614 1009 santa
1629 937 1718 1006 Sede.

352 1047 519 1118 Partirono
548 1050 580 1119 di
603 1053 656 1142 qui
684 1052 705 1120 il
727 1076 868 1121 vescovo
892 1054 923 1122 di
946 1053 1073 1122 Londra
1105 1066 1135 1123 et
1158 1053 1179 1121 il
1207 1064 1346 1122 maestro
1370 1053 1466 1118 Moro
1494 1048 1522 1117 al
1545 1049 1648 1136 primo
1673 1042 1721 1111 del

352 1177 455 1238 mese,
484 1159 602 1226 oratori
631 1156 661 1225 di
690 1171 798 1248 questa
826 1159 947 1228 Maesta
969 1183 1025 1250 per
1051 1161 1186 1230 trovarsi
1214 1161 1245 1228 in
1275 1170 1437 1227 convento
1461 1180 1479 1224 a
1502 1153 1664 1233 Cambrai,
1691 1161 1721 1218 et

353 1261 460 1329 hanno
485 1263 602 1332 havuto
625 1264 791 1352 particolar
815 1266 1043 1335 commissione
1067 1266 1098 1334 di
1121 1267 1266 1334 assistere
1290 1264 1347 1332 alle
1370 1285 1447 1331 cose
1469 1261 1501 1329 di
1523 1261 1565 1328 N.
1586 1259 1721 1346 SIgnore

353 1365 447 1435 etde
471 1369 499 1435 la
527 1369 609 1437 Sede
632 1371 833 1460 Apostolica,
861 1385 892 1439 et
916 1371 1012 1440 credo
1041 1397 1082 1440 ne
1110 1372 1242 1440 faranno
1270 1372 1381 1439 buono
1404 1367 1524 1449 officio,
1553 1365 1669 1454 perche
1693 1375 1722 1430 et

354 1495 417 1540 con
444 1472 473 1541 la
500 1475 621 1543 Maesti
643 1475 694 1544 del
718 1500 751 1544 re
775 1490 805 1545 et
829 1501 891 1546 con
916 1480 976 1546 essi
1004 1502 1044 1546 ne
1069 1479 1112 1546 ho
1136 1477 1214 1547 fatto
1238 1490 1318 1546 tutta
1341 1475 1443 1566 quella
1465 1472 1641 1561 diligentia,
1665 1469 1723 1537 che

354 1580 397 1645 mi
423 1583 439 1645 e
464 1592 545 1648 stato
568 1581 727 1668 possibile.
774 1581 835 1651 Alli
859 1584 885 1650 II
908 1583 940 1651 fu
964 1583 1053 1653 detto
1077 1588 1130 1675 qui
1155 1584 1193 1652 de
1216 1584 1245 1652 la
1271 1607 1360 1672 presa
1384 1581 1415 1649 di
1438 1581 1583 1666 Monsgr.
1607 1577 1637 1644 di
1661 1575 1724 1643 San

353 1685 444 1767 Polo,
475 1686 501 1752 la
529 1686 620 1775 quale
647 1689 702 1776 poi
732 1691 757 1755 si
782 1693 799 1756 e
823 1689 1009 1759 confirmata
1017 1718 1026 1774 3
1060 1713 1127 1759 non
1155 1715 1192 1758 so
1217 1690 1275 1759 che
1304 1689 1481 1757 mutatione
1510 1687 1623 1753 haverl
1651 1681 1724 1749 latta

354 1792 455 1880 quest'
471 1791 551 1859 altro
575 1816 732 1862 successo.
773 1795 810 1863 Et
834 1819 900 1864 non
924 1798 967 1863 mi
991 1796 1148 1866 accadevo
1173 1795 1239 1864 dire
1262 1795 1343 1864 altro
1359 1818 1377 1862 a
1394 1794 1432 1860 V.
1450 1793 1493 1875 S.,
1517 1813 1642 1860 senon
1666 1789 1724 1856 che

353 1918 416 1963 con
440 1895 598 1965 desiderio
622 1911 789 1988 expettavo
813 1924 869 1970 sue
893 1901 1012 1970 lettere.

458 2019 500 2086 Di
524 2019 651 2088 londra
675 2020 723 2090 alli
752 2044 786 2110 13
814 2023 844 2090 di
868 2023 966 2112 luglio
996 2047 1007 2092 ι
1015 2045 1087 2111 529.

841 2147 895 2215 Uti
918 2145 1000 2216 lilius
1023 2147 1238 2216 deditissimus

1256 2256 1291 2323 L.
1317 2253 1390 2322 Car.
1415 2249 1619 2338 Campegius.

563 2408 647 2464 Nune.
672 2409 698 2462 di
721 2410 813 2466 Germ.
836 2427 874 2482 53,
900 2411 916 2466 f.
941 2427 1000 2467 202.
1042 2413 1217 2484 Eiugelaufen
1242 2430 1284 2466 am
1312 2427 1351 2466 12.
1374 2412 1487 2482 August.
1529 2409 1575 2461 Bei
1599 2405 1725 2466 Theiner,

457 2513 482 2567 p.
505 2496 561 2566 587,
581 2495 647 2551 lehlt
671 2497 713 2552 dte
731 2497 813 2554 Stelle
837 2501 863 2554 in
883 2499 1103 2568 Geheimschrift,
1127 2501 1209 2556 deren
1228 2499 1386 2570 Auslosung
1412 2499 1484 2553 nicht
1503 2495 1643 2568 beigeffigt
1662 2509 1725 2546 war.

458 2583 510 2638 Die
523 2583 631 2639 Worte:
656 2603 700 2640 ma
720 2603 771 2642 con
790 2588 886 2642 timore
909 2589 935 2642 in
954 2589 1057 2644 diesem
1076 2589 1233 2644 Abschnitte
1258 2589 1364 2644 konnen
1388 2588 1444 2642 sith
1464 2586 1532 2640 nach
1556 2583 1608 2638 den
1627 2582 1725 2652 oblgen

459 2673 526 2726 zwei
551 2672 689 2728 Berichten
714 2676 779 2730 r'rber
802 2673 893 2730 Flslrer
912 2677 979 2745 (und
998 2677 1044 2732 Dr.
1064 2677 1201 2747 Steudish)
1220 2677 1293 2732 wohl
1314 2677 1435 2748 weniger
1458 2673 1506 2728 aul
1525 2673 1598 2726 diese
1623 2669 1725 2732 beiden,

459 2759 497 2813 als
517 2759 564 2814 aut
579 2761 665 2816 alcuni
683 2761 782 2817 dottori
801 2763 937 2818 beziehen.

1008 2960 1074 3044 58.

505 3112 685 3181 Clemens
705 3116 774 3182 VII.
799 3139 838 3182 an
862 3117 1048 3185 Heinrich
1068 3117 1151 3185 VIII.
1199 3118 1294 3199 Rom,
1323 3139 1370 3202 19.
1395 3116 1455 3203 Juli
1484 3134 1576 3200 1529.

461 3271 610 3342 Mitteilnng
630 3273 690 3325 rtber
707 3275 756 3327 den
773 3274 878 3345 Vallrng
896 3276 942 3328 der
961 3275 1114 3330 Anokon'on.
1153 3275 1196 3328 Da
1216 3275 1280 3329 nach
1297 3277 1343 3328 der
1362 3275 1523 3346 Appellation
1545 3274 1592 3326 der
1613 3271 1730 3342 Kdnr'gin

356 3359 502 3414 Katharr'no
523 3359 586 3414 nncb
606 3361 668 3414 Rom
687 3362 733 3414 der
753 3361 852 3427 Kaiser,
876 3365 930 3416 sein
949 3363 1050 3417 Brnder
1068 3363 1218 3416 Ferdr'nnnd
1236 3365 1289 3416 nnd
1308 3363 1395 3434 Kdnig
1413 3363 1512 3432 johann
1532 3379 1584 3415 oon
1604 3359 1732 3429 Portugal

355 3448 484 3518 dringend
503 3449 662 3519 verlongten,
680 3450 739 3518 dass
757 3450 798 3503 die
815 3451 863 3503 den
882 3451 968 3504 beiden
988 3451 1150 3504 Kardindlen
1172 3451 1328 3523 Campeggio
1348 3453 1401 3504 und
1423 3451 1521 3520 Wolsey
1540 3451 1638 3502 erteilte
1659 3446 1730 3498 Voll-

356 3535 438 3590 rnacbl
456 3537 697 3607 znrn'clegenommen
721 3540 773 3590 und
791 3540 846 3591 eine
864 3539 1052 3611 entsprecbende
1070 3559 1132 3592 nene
1142 3540 1194 3610 fiir
1213 3543 1285 3592 einen
1305 3539 1426 3593 Prdlaten
1449 3557 1483 3592 an
1502 3540 1549 3591 der
1569 3537 1652 3590 Kurie
1670 3551 1731 3588 nns-

354 3625 476 3696 pesertigt
502 3625 600 3678 werde:
624 3625 703 3679 baben
728 3627 778 3679 alle
802 3627 1000 3696 Resnendarr'en
1024 3629 1070 3680 cler
1090 3627 1232 3698 Signotnra
1257 3629 1379 3693 institiae,
1402 3645 1451 3680 aur
1474 3628 1530 3680 dem
1557 3626 1646 3697 Papste
1670 3641 1731 3677 uer-

356 3714 479 3778 snmmelt,
498 3715 654 3784 einsn'mmr'g
666 3715 770 3780 erkldrt,
788 3716 847 3784 dass
858 3716 936 3768 dieses
952 3715 1095 3786 Verlangen
1115 3716 1181 3768 nicht
1194 3717 1349 3787 nbgewr'esen
1367 3716 1470 3768 werden
1487 3716 1575 3768 leonae.
1609 3711 1731 3766 Dennoch

357 3807 462 3854 warlete
480 3800 525 3853 der
539 3801 613 3874 Papst
632 3804 678 3855 mit
696 3803 741 3854 der
758 3801 982 3874 Unterzea'cbnnng,
1001 3805 1037 3858 bis
1051 3803 1115 3858 arech
1133 3804 1179 3858 das
1196 3803 1278 3856 Urteil
1294 3805 1340 3857 der
1355 3803 1501 3858 Kardina‘le
1519 3801 1645 3873 eingeholt
1664 3817 1730 3861 war,

356 3889 398 3940 die
421 3889 481 3940 aber
504 3889 589 3942 ebenso
613 3891 768 3960 einstinrmig
790 3891 900 3944 dasrelbe
922 3892 1056 3944 erlldrten.
1100 3891 1132 3946 So
1155 3892 1216 3945 habe
1240 3891 1354 3946 Clemens
1377 3891 1420 3943 die
1442 3890 1660 3960 Unteener'clmnng
1685 3888 1731 3940 der

360 3975 507 4028 Avokation
529 3976 597 4029 nith!
617 3977 708 4048 ldnger
726 3978 883 4032 verschielen
906 3979 1004 4032 konnen
1027 3981 1080 4032 und
1103 3980 1162 4032 litte
1184 3979 1264 4033 daber
1282 3980 1330 4032 den
1350 3979 1446 4050 Konr'g,
1468 3980 1515 4032 mit
1537 3977 1682 4032 Gler'clnnnt
1700 3993 1729 4044 (n

359 4071 487 4134 ertragen,
506 4081 560 4117 was
578 4082 608 4133 (n
627 4065 781 4118 verbindern
801 4067 945 4138 unmoglich
963 4085 1028 4120 war.

466 4203 595 4272 Carmo.
621 4207 652 4272 in
677 4206 806 4274 Christo
830 4205 896 4274 filio
920 4219 1032 4275 nostro
1056 4207 1197 4276 Henrico
1221 4207 1354 4296 Angliae
1382 4209 1450 4294 regi
1472 4206 1576 4274 Illmo.
1602 4217 1633 4273 et
1657 4203 1730 4272 fidei

359 4309 530 4378 defensori.

467 4415 593 4483 Carme.
624 4418 656 4483 in
686 4417 815 4484 Christo
845 4416 866 4484 f.
898 4441 928 4484 n.
958 4418 1011 4485 sal.
1062 4419 1148 4487 Sicut
1177 4419 1250 4486 alias
1280 4441 1405 4486 causam
1436 4440 1530 4505 super
1561 4428 1730 4505 praetenso

362 4523 568 4590 matrimonio
592 4523 672 4589 inter
689 4522 887 4590 Maiestatem
903 4523 1007 4591 Tuam
1033 4543 1063 4591 et
1080 4524 1239 4592 Carmam.
1265 4526 1296 4591 in
1313 4523 1443 4590 Christo
1466 4520 1731 4589 filiam-nostram

361 4628 565 4696 Catherinam
588 4627 722 4716 Angliae
750 4629 892 4715 reginam
916 4641 1080 4698 contracto
1103 4629 1213 4718 legatis
1242 4630 1359 4696 nostris
1383 4628 1423 4696 de
1446 4628 1542 4695 latere
1572 4629 1605 4694 in
1629 4649 1731 4714 regno

360 4746 417 4801 tuo
441 4731 699 4820 cognoscendam
725 4744 755 4799 et
780 4730 1002 4816 decidendam,
1026 4735 1116 4802 Tuae
1140 4735 1311 4802 Maiestatis
1336 4733 1514 4802 oratoribus
1543 4733 1575 4800 id
1598 4733 1732 4799 nomine

361 4852 417 4907 tuo
434 4837 612 4926 petentibus
636 4857 667 4905 et
683 4837 775 4905 nobis
792 4837 1027 4921 affirmanthus,
1051 4839 1224 4907 Caesareae
1240 4840 1396 4907 Maiestati
1420 4837 1451 4906 id
1471 4860 1538 4905 non
1555 4836 1732 4925 displicere,

361 4944 402 5011 de
425 4942 652 5010 nonnullorum
678 4944 708 5009 S.
726 4943 762 5010 lt.
780 4943 813 5010 E.
838 4944 1040 5012 cardinalium
1064 4969 1098 5012 ac
1122 4958 1210 5013 rotae
1234 4945 1414 5012 auditorum
1439 4957 1471 5011 et
1492 4943 1580 5010 aulae
1604 4954 1733 5010 nostrae
