3810 5528
214 333 280 386 1530
298 317 356 388 Juli.
1519 303 1579 366 lbi

209 479 282 568 quia
305 490 371 546 erat
393 477 430 545 ab
455 478 543 544 omni
568 479 689 545 ratione
713 476 866 558 alienum,
891 475 977 566 quod
1001 475 1090 561 illud,
1114 478 1201 566 quod
1225 477 1353 545 deberet
1376 478 1480 568 sequi,
1504 489 1580 546 tunc

210 583 422 672 praecederet,
445 583 597 665 secundo,
622 585 692 672 quia
710 596 775 651 erat
793 585 1010 664 inhonestum,
1034 596 1068 651 ut
1084 587 1249 666 sententia,
1274 601 1442 672 antequam
1459 607 1580 671 cogno-

210 701 361 772 sceretur,
385 689 472 780 quod
496 701 578 758 esset
602 691 659 756 rite
685 702 716 757 et
738 703 823 757 recte
840 689 909 770 lata,
934 687 1185 773 confirmaretur,
1209 691 1303 758 tertio
1320 691 1391 778 quia
1414 689 1518 756 forsan
1544 690 1581 756 ab

212 819 248 862 ea
271 794 485 884 appellaretur,
517 809 547 863 et
576 794 736 884 pendente
763 795 972 884 appellatione
1000 819 1068 862 non
1096 807 1220 883 poterat
1243 794 1439 877 confirmari,
1469 815 1580 886 quarto

211 903 282 990 quia
310 924 376 968 non
402 900 547 984 decebat,
576 899 766 968 Pontificem
795 903 826 967 in
850 925 884 968 re
906 903 986 968 tanti
1009 900 1188 989 praeiudicii
1212 900 1397 984 ostendere,
1427 901 1513 990 quod
1537 900 1581 968 di-

211 1009 349 1074 vortium
379 1009 441 1074 boc
469 1005 630 1074 affectaret
657 1020 689 1074 et
720 1009 773 1074 uni
802 1009 879 1095 parti
910 1007 1011 1095 magis
1042 1030 1136 1095 quam
1167 1007 1254 1074 alteri
1284 1007 1410 1074 faveret.
1457 1007 1582 1076 Obtulit

210 1126 318 1180 tamen
337 1114 450 1181 Vestra
474 1113 638 1194 Sanctitas,
662 1125 829 1202 postquam
854 1113 914 1180 lata
937 1111 1060 1194 luisset,
1084 1112 1170 1203 quod
1194 1125 1288 1200 prout
1312 1113 1369 1179 iuri
1387 1116 1582 1180 conveniens

212 1217 304 1301 foret,
327 1242 362 1285 se
386 1218 469 1286 illam
495 1217 780 1286 confirmaturam.¹

316 1325 430 1392 Tertio
453 1325 601 1413 petebant
620 1337 774 1406 oratores,
797 1337 831 1391 ut
850 1347 941 1392 causa
965 1326 1218 1392 committeretur
1241 1326 1274 1390 in
1298 1324 1435 1412 partibus
1459 1324 1582 1394 duobus

212 1429 416 1497 cardinalibus
433 1429 668 1518 cognoscenda,
693 1442 725 1498 et
740 1430 813 1497 licet
836 1428 875 1497 de
893 1431 992 1496 causis
1015 1428 1155 1516 allegatis
1178 1441 1289 1497 contra
1312 1429 1582 1517 dispensationem

211 1558 267 1624 per
290 1535 486 1603 consiliarios
510 1536 688 1604 Sanctitatis
706 1537 838 1603 Vestrae
862 1533 1064 1616 dubitaretur,
1087 1549 1195 1603 tamen
1219 1537 1290 1624 quia
1314 1535 1411 1603 multa
1436 1548 1582 1624 poterant

211 1643 244 1708 in
268 1641 404 1730 partibus
428 1642 553 1730 probari
577 1654 608 1710 et
630 1641 782 1709 verificari
807 1655 838 1709 et
861 1665 899 1709 ex
923 1640 1126 1709 confessione
1149 1643 1277 1728 reginae
1301 1643 1332 1709 in
1357 1644 1502 1709 examine
1522 1666 1580 1710 suo

211 1746 357 1817 iaciendo
381 1747 550 1831 clarificari,
574 1747 740 1838 exquibus
764 1771 822 1837 pro
839 1747 976 1815 divortio
1001 1759 1083 1815 esset
1106 1746 1319 1829 iudicandum,
1342 1747 1452 1816 libenti
1475 1750 1582 1816 animo

211 1855 365 1922 Sanctitas
381 1857 495 1924 Vestra
523 1878 594 1923 cum
620 1855 710 1923 dictis
739 1855 832 1922 etiam
857 1852 1074 1921 favorabilibus
1098 1854 1160 1921 hoc
1184 1855 1341 1923 concessit
1370 1867 1400 1922 et
1424 1854 1583 1943 deputavit

212 1960 392 2044 cardinales,
416 1985 497 2052 quos
513 1963 572 2050 ipsi
588 1982 731 2029 oratores
748 1960 919 2048 elegerunt.
959 1961 1035 2028 Non
1056 1961 1174 2027 curavit
1190 1961 1284 2027 etiam
1301 1960 1453 2028 Sanctitas
1470 1962 1584 2029 Vestra

211 2065 251 2134 de
276 2069 340 2155 ipsa
368 2090 460 2134 causa
484 2089 696 2154 cognoscere,
725 2069 796 2156 quia
820 2065 950 2134 assiduis
974 2066 1233 2153 occupationibus
1264 2065 1414 2155 impedita
1437 2090 1504 2135 non
1527 2091 1584 2155 po·

210 2185 290 2240 terat
323 2175 499 2261 cognitioni
532 2196 694 2241 causarum
727 2171 906 2254 intendere,
940 2184 971 2240 et
1003 2195 1043 2238 ne
1076 2171 1265 2239 desiderium
1299 2174 1398 2260 regis,
1429 2175 1583 2262 cupientis

211 2301 337 2346 causam
355 2278 496 2347 celeriter
520 2279 668 2368 expediri,
693 2279 806 2347 diutius
823 2278 1040 2367 protelaretur,
1063 2277 1150 2368 quod
1167 2279 1362 2364 contigisset,
1385 2279 1411 2344 si
1430 2278 1583 2348 Sanctitas

211 2385 325 2452 Vestra
350 2384 389 2453 de
413 2409 505 2453 causa
528 2387 743 2472 cognovisset,
767 2405 896 2474 propter
920 2383 1056 2452 infinitas
1081 2383 1160 2451 illius
1184 2385 1419 2472 occupationes.

318 2491 442 2559 Deinde
459 2491 612 2560 Sanctitas
625 2493 738 2560 Vestra
760 2492 949 2579 procuravit,
973 2489 1058 2580 quod
1075 2490 1185 2559 Rmus.
1211 2489 1372 2558 cardinalis
1390 2490 1583 2579 Campegius

211 2599 244 2663 in
268 2598 416 2686 Angliam
442 2600 698 2687 quamprimum
723 2596 984 2687 proficisceretur,
1014 2616 1047 2664 ut
1070 2599 1175 2684 regiae
1199 2597 1355 2664 Maiestati
1382 2595 1582 2665 satisfaceret.

318 2702 511 2785 Successive‚
537 2726 609 2770 cum
634 2704 664 2768 in
685 2703 799 2790 Anglia
823 2705 931 2790 regina
954 2701 1137 2770 ostenderet
1161 2705 1284 2790 copiam
1310 2702 1411 2770 brevis
1435 2703 1583 2771 obtentae

214 2807 470 2896 dispensationis,
499 2832 571 2876 cum
601 2806 698 2876 dicta:
731 2828 761 2876 et
791 2833 828 2876 ex
858 2808 923 2875 aliis
952 2809 1051 2875 causis
1080 2810 1221 2875 animum
1253 2820 1397 2876 nostrum
1427 2811 1584 2876 moventi-

213 2913 282 2996 bus,
307 2919 376 2994 —,⁹
404 2937 484 3004 quae
508 2938 573 2980 non
599 2932 645 2981 est
676 2917 707 2981 in
732 2916 891 2982 autentico
915 2936 1014 3002 penes
1037 2936 1146 3002 regem
1172 2917 1327 2997 existenti,
1361 2917 1448 2982 missi
1471 2927 1584 2982 sunta

212 3043 288 3107 rege
313 3019 350 3087 ad
373 3020 578 3088 Sanctitatem
595 3022 743 3088 Vestram
768 3033 910 3088 oratores
932 3020 990 3087 Dr.
1007 3020 1184 3109 Stephanus
1208 3035 1239 3089 et
1259 3020 1406 3111 P(etrus)
1423 3022 1529 3088 Varmi
1554 3034 1585 3088 et

212 3125 253 3193 D.
278 3127 420 3209 Brianus,
444 3139 478 3194 ut
501 3126 654 3194 Sanctitas
671 3128 784 3195 Vestra
808 3127 902 3194 breve
925 3125 1000 3193 illud
1023 3125 1135 3193 falsum
1159 3128 1391 3214 pronuntiaret,
1420 3126 1507 3216 quod
1531 3151 1585 3195 ne-

211 3252 323 3319 gatum
347 3231 414 3315 fuit,
437 3235 509 3321 quia
532 3235 648 3312 iustum
674 3257 741 3300 non
766 3246 845 3316 erat,
869 3232 956 3322 quod
979 3232 1069 3315 illud,
1093 3232 1132 3300 de
1156 3257 1219 3322 quo
1245 3256 1311 3299 non
1335 3232 1502 3321 apparebat
1526 3235 1585 3300 nisi

211 3361 268 3426 per
293 3339 429 3426 copiam,
453 3363 489 3406 ac
505 3351 591 3428 parte
614 3363 682 3407 non
699 3341 789 3408 citata
813 3363 873 3408 nec
896 3339 998 3406 audita
1023 3338 1134 3406 falsum
1158 3340 1424 3427 pronuntiaretur.
1461 3339 1585 3408 Obtulit

211 3457 321 3513 tamen
350 3445 502 3514 Sanctitas
524 3446 652 3528 Vestra,
681 3469 751 3513 sese
774 3447 969 3513 monituram
994 3445 1180 3513 Caesaream
1205 3443 1418 3526 Maiestatem,
1445 3457 1481 3512 ut
1511 3444 1585 3512 illud

213 3549 308 3618 breve
332 3553 525 3619 autenticum
549 3550 587 3618 ad
611 3575 645 3618 se
669 3553 904 3634 transmitteret,
937 3554 978 3620 ita
1001 3549 1089 3641 quod
1112 3549 1151 3618 de
1175 3549 1254 3616 illius
1279 3551 1409 3617 veritate
1432 3551 1464 3616 in
1489 3550 1584 3632 Urbe,

214 3656 299 3724 unde
324 3658 449 3740 exierat,
474 3659 628 3745 cognosci
651 3663 786 3746 posset.⁸

320 3763 536 3852 Supervenere
560 3776 669 3852 postea
692 3762 786 3852 legati
810 3765 901 3832 Caes.
921 3765 1103 3846 Maiestatis,
1127 3765 1180 3853 qui
1204 3765 1236 3829 in
1261 3763 1317 3829 hac
1342 3785 1433 3829 causa
1456 3785 1514 3851 pro
1538 3787 1586 3832 re-

212 3871 288 3956 gina
310 3869 410 3936 audiri
434 3869 592 3952 volebant,
616 3869 767 3959 adquam
792 3894 863 3937 cum
889 3868 1072 3937 mandatum
1098 3892 1164 3936 non
1189 3868 1349 3950 haberent,
1374 3892 1441 3936 non
1460 3867 1586 3936 fuerunt

212 3974 354 4056 admissi,
378 3975 449 4042 licet
473 3975 698 4057 exclamarent,
722 3975 809 4066 quod
833 3977 965 4063 impium
991 3988 1021 4042 et
1045 3974 1170 4043 crudele
1196 3993 1274 4056 erat,
1299 3973 1385 4064 quod
1409 3976 1439 4040 in
1465 3989 1586 4043 tetam

212 4083 301 4170 gravi
327 4094 448 4149 ettam
476 4083 524 4170 pia
548 4105 606 4170 pro
636 4084 744 4170 regina
773 4106 839 4149 non
868 4081 1066 4164 audirentur;
1101 4080 1157 4147 sed
1181 4079 1311 4162 deinde,
1341 4104 1413 4148 cum
1442 4103 1587 4169 praesen-

211 4199 316 4256 tarent
333 4187 448 4255 litteras
464 4189 592 4273 reginae
616 4208 647 4256 et
670 4187 749 4255 illius
765 4186 922 4271 mandata,
947 4211 1013 4255 non
1038 4199 1210 4275 potuerunt
1230 4186 1363 4274 amplius
1387 4188 1453 4254 iure
1469 4187 1585 4275 repelli.

213 4293 390 4362 Recusabat
413 4307 519 4362 autem
548 4295 656 4383 regina
680 4293 851 4362 cardinales
879 4293 997 4362 iudices
1020 4314 1182 4381 tamquam
1213 4293 1340 4360 notorie
1368 4304 1532 4379 suspectos
1557 4306 1588 4360 et

323 4524 446 4578 ¹Dieset
469 4522 628 4578 Schlusssatz
652 4524 722 4578 steht
748 4525 773 4577 in
798 4524 870 4577 einer
893 4525 1006 4578 zweiten
1031 4533 1122 4588 etwas,
1147 4524 1209 4576 aber
1233 4540 1299 4592 ganz
1323 4521 1516 4576 unwesentlicb
1542 4523 1603 4576 ab-.

213 4594 392 4650 weicheuden
412 4594 532 4664 Fassung
551 4593 567 4649 l.
587 4611 609 4648 c.
629 4593 646 4648 f.
666 4594 725 4662 645.

323 4665 403 4719 ’Die
426 4663 602 4736 aogeffihrten
618 4665 712 4719 Worte
738 4666 832 4721 stehen
856 4668 882 4718 in
906 4665 967 4718 detu
992 4665 1246 4735 Ergatuaungsbreve
1266 4663 1356 4734 Julius*
1377 4663 1409 4717 ll.
1429 4664 1547 4732 (Burnet,
1570 4665 1586 4718 l.

213 4737 285 4792 Coll.
307 4735 338 4791 11.
357 4754 384 4792 n.
405 4737 458 4805 15),
478 4734 551 4789 nicht
569 4737 595 4789 in
615 4735 661 4789 der
679 4736 899 4807 ursprtmglichen
919 4735 993 4789 Bulle
1012 4735 1040 4804 (l.
1061 4752 1083 4789 c.
1102 4753 1127 4790 n.
1151 4738 1183 4804 1).

323 4814 334 4845 ³
351 4806 406 4861 Ver
426 4807 442 4862 l.
463 4821 559 4860 unsere
572 4805 775 4878 Betnerkungen
795 4824 826 4860 zu
840 4805 891 4862 den
904 4806 1049 4862 Schreiben
1063 4805 1130 4859 Cam
1151 4807 1248 4876 eggios
1267 4821 1331 4858 vom
1347 4806 1387 4858 18.
1406 4803 1460 4858 und
1479 4819 1520 4860 ao.
1534 4804 1587 4858 Mai

214 4823 1587 5021 mmmmmmammfflmmv
