3782 5532
213 345 280 413 1528
301 344 431 400 Oktober.
851 383 855 394 .
1541 333 1583 396 59

209 503 370 587 sessionis,
386 527 464 593 pure
480 505 524 572 mi
540 503 627 572 dette
643 504 777 586 licentia,
800 507 868 574 anzi
886 507 930 572 mi
946 507 1077 588 ricercd,
1097 505 1180 574 ch'io
1197 507 1340 574 scrivessi
1356 530 1373 572 a
1387 506 1430 574 N.
1448 506 1583 594 Signore

209 609 322 678 alcune
347 610 555 692 conclusioni,
579 622 610 679 et
634 610 717 678 ch'io
736 610 874 699 pigliassi
896 612 1098 699 giuramento
1122 610 1192 679 dalli
1215 613 1290 680 miei
1313 612 1471 680 secretarii
1494 609 1525 677 di
1544 613 1584 679 si-

209 717 322 797 lentio,
353 715 500 798 dicendo,
529 716 587 784 che
615 716 729 783 aloco
760 730 791 784 et
814 729 924 805 tempo
954 717 1031 785 diria
1058 741 1114 784 sua
1136 718 1346 786 intentione«.
1392 716 1583 785 lldiscorso

210 821 262 890 del
290 846 350 889 suo
375 821 493 910 parlare
516 821 548 889 lu
579 848 595 885 n
603 821 653 890 dal
675 825 778 910 primo
803 823 940 892 advento
963 847 1023 890 suo
1047 825 1080 890 in
1103 843 1217 913 questo
1240 847 1341 910 regno
1366 824 1436 890 sino
1464 821 1492 890 al
1514 845 1584 911 pre·

209 939 311 996 sente.
357 929 396 996 Et
417 929 520 1016 prima
549 930 580 994 in
604 928 798 995 conscientia
826 953 881 996 sua
904 927 1040 1010 affirma,
1065 929 1123 996 che
1147 927 1217 997 dalli
1240 930 1317 997 XIV
1343 928 1373 996 di
1397 926 1583 1009 novembre,

209 1033 320 1101 ch'ella
345 1035 370 1100 si
395 1036 493 1122 sposh
517 1056 579 1101 con
603 1034 624 1101 il
646 1033 808 1122 quondam
825 1037 954 1117 Artur0,
978 1036 1049 1101 sino
1073 1035 1122 1102 alli
1145 1035 1174 1102 Π
1201 1034 1329 1123 d'aprile
1353 1033 1403 1101 del
1418 1045 1582 1121 seguente,

209 1139 269 1206 che
293 1143 392 1222 mori,
422 1163 488 1207 non
512 1137 617 1207 dorml
640 1163 716 1207 seco
740 1139 827 1206 salvo
844 1140 904 1208 Vll
927 1142 1010 1209 notti
1035 1157 1065 1207 et
1089 1140 1148 1208 che
1171 1140 1211 1208 da
1233 1139 1275 1207 lui
1303 1142 1389 1207 resti)
1413 1141 1527 1208 intacta
1552 1151 1583 1208 et

209 1246 404 1332 incorrupta,
427 1268 522 1313 come
537 1269 642 1313 venne
665 1244 715 1312 dal
730 1258 841 1313 ventre
865 1244 895 1312 di
919 1270 974 1313 sua
994 1245 1112 1314 madre.
1150 1247 1194 1313 La
1210 1244 1351 1314 seconda
1366 1244 1582 1327 conclusione,

209 1349 389 1418 havendola
412 1352 445 1418 io
468 1350 571 1418 molto
596 1350 758 1420 exhortata
782 1375 798 1418 a
822 1351 905 1419 levar
928 1362 1008 1420 tutte
1031 1363 1142 1440 queste
1163 1350 1312 1420 difficulti
1335 1362 1368 1419 et
1391 1351 1583 1419 contentarsi

209 1455 243 1524 di
265 1455 310 1523 far
339 1455 539 1544 professione
563 1455 594 1524 di
618 1458 741 1539 castita,
771 1455 993 1545 epilogandole
1016 1469 1096 1525 tutte
1124 1457 1152 1524 le
1176 1458 1314 1545 regioni,
1344 1456 1402 1524 che
1426 1479 1519 1544 sopra
1541 1456 1584 1525 tal

208 1562 340 1629 materia
364 1563 390 1628 si
413 1584 536 1650 posson
559 1561 636 1644 dire,
660 1564 704 1628 mi
728 1561 863 1644 affirmci,
888 1563 946 1630 che
969 1565 1032 1630 mai
1055 1586 1122 1631 non
1146 1585 1198 1630 era
1221 1585 1276 1650 per
1292 1561 1370 1629 farlo
1395 1573 1426 1630 et
1449 1562 1508 1630 che
1526 1585 1583 1629 vo-

208 1667 279 1736 leva
300 1669 409 1736 vivere
433 1679 464 1735 et
487 1669 605 1736 morire
627 1669 661 1734 in
685 1668 711 1735 la
736 1670 905 1736 vocatione
929 1667 979 1736 del
1003 1669 1220 1750 matrimonio
1244 1670 1275 1735 in
1301 1669 1360 1736 che
1375 1668 1439 1736 Dio
1463 1667 1584 1736 l’havea

209 1773 376 1856 chiamata,
401 1786 432 1841 et
456 1773 515 1841 che
537 1797 663 1862 sempre
687 1775 764 1842 saria
787 1773 819 1841 di
835 1773 935 1863 quella
959 1775 1113 1862 opinione
1137 1785 1168 1842 et
1187 1773 1246 1842 che
1269 1797 1337 1841 non
1361 1797 1413 1841 era
1436 1796 1491 1862 per
1514 1797 1584 1840 mu-

207 1881 293 1948 tarsi.
340 1881 379 1946 Et
402 1891 491 1948 tanto
519 1891 632 1948 stretto
656 1892 688 1947 et
711 1878 988 1948 deliberatamente
1016 1879 1048 1946 lo
1072 1877 1155 1947 disse
1177 1881 1232 1967 piri
1255 1879 1356 1962 volte,
1386 1879 1470 1946 ch'io
1494 1901 1582 1946 com-

207 1985 344 2074 prendo,
369 1986 428 2052 che
452 1988 517 2052 cosl
541 1984 614 2068 fara,
639 1999 670 2053 et
685 1986 790 2068 vuole,
815 1986 873 2052 che
897 1997 980 2054 tutto
1004 2008 1061 2073 per
1083 1986 1240 2053 sententia
1263 1986 1289 2052 si
1305 1984 1444 2066 dichiari‚
1468 1983 1527 2052 che
1549 2007 1583 2052 se

207 2090 238 2156 la
254 2092 368 2159 veniva
392 2102 502 2158 contra
525 2089 556 2158 di
579 2090 629 2173 lei,
654 2091 712 2158 che
732 2094 798 2158 cosl
820 2094 939 2158 restera
961 2089 1066 2173 libera,
1091 2113 1184 2158 come
1201 2113 1255 2157 sua
1275 2090 1410 2172 Altezza,
1434 2088 1582 2172 dicendo,

208 2195 269 2264 che
293 2199 335 2263 n'e
359 2207 442 2264 tutto
466 2195 486 2262 il
509 2218 611 2284 regno
635 2196 674 2264 da
698 2220 760 2263 una
782 2208 879 2284 parte,
909 2200 950 2264 ne
974 2197 1052 2284 ogni
1074 2219 1153 2284 gran
1175 2219 1257 2284 pena
1280 2196 1318 2264 da
1340 2195 1448 2278 l'altra,
1472 2218 1583 2262 ancor-

208 2301 270 2368 cht
293 2312 422 2390 potesse
446 2324 550 2369 essere
573 2301 685 2370 laniata
701 2326 718 2369 a
734 2301 880 2370 membro
904 2301 1094 2384 amembr0,
1117 2302 1277 2390 lapoteva
1300 2320 1403 2369 mutar
1426 2301 1457 2369 di
1473 2307 1582 2390 questa

208 2408 376 2494 opinione,
402 2419 433 2475 et
449 2407 507 2476 che
531 2431 565 2476 se
582 2407 668 2498 dopo
692 2407 720 2475 la
737 2419 842 2476 morte
865 2410 891 2475 si
914 2409 1084 2476 ritornasse
1108 2409 1141 2474 in
1157 2409 1230 2490 vita,
1254 2405 1286 2474 di
1301 2430 1412 2474 nuovo
1429 2405 1582 2475 vorrebbe

207 2513 310 2580 anche
342 2515 470 2598 morire.
516 2513 630 2581 Tertio
657 2513 732 2581 loco
761 2515 806 2580 mi
835 2516 946 2602 pregri,
978 2513 1062 2582 ch’io
1092 2513 1273 2602 supplicassi
1305 2524 1336 2581 et
1366 2513 1466 2581 anche
1499 2512 1582 2580 ch'io

208 2621 351 2706 operassi
381 2643 442 2686 con
467 2621 498 2686 S.
523 2619 580 2702 M,
609 2620 667 2687 che
697 2621 723 2686 si
753 2619 895 2687 lasciasse
922 2619 1008 2687 levar
1035 2619 1073 2687 da
1100 2620 1162 2687 Sua
1189 2617 1387 2688 Beatitudine
1415 2619 1446 2686 di
1473 2637 1584 2707 questa

207 2723 340 2792 fantasia
364 2744 397 2792 et
423 2725 451 2792 la
474 2725 597 2794 volesse
625 2738 715 2794 tener
737 2749 794 2814 per
816 2749 872 2794 sua
900 2737 1066 2808 consorte,
1089 2748 1184 2793 come
1208 2749 1260 2792 era
1282 2737 1360 2793 stata
1386 2726 1435 2792 sin
1459 2725 1526 2813 qui,
1551 2735 1583 2792 et

207 2829 271 2897 che
293 2830 353 2897 ella
376 2830 505 2900 offeriva
527 2831 549 2898 il
572 2854 651 2921 capo
670 2855 740 2914 suu,
765 2829 796 2898 di
812 2854 925 2921 operar
949 2855 1011 2899 con
1028 2832 1154 2913 Cesare,
1179 2831 1237 2898 che
1257 2830 1287 2898 la
1308 2854 1385 2920 pace
1407 2829 1582 2898 universale

207 2937 235 3002 si
260 2934 401 3018 larebbe,
430 2955 462 3004 et
490 2938 548 3005 che
572 2938 603 3005 S.
627 2938 672 3004 M.
696 2949 785 3006 tanto
814 2936 992 3006 lascerebbe
1019 2936 1100 3005 delle
1128 2960 1184 3004 sue
1212 2935 1373 3005 domande
1401 2937 1459 3004 che
1486 2934 1582 3018 facea,

207 3064 267 3129 per
290 3065 382 3108 amor
405 3066 475 3124 su0,
505 3042 564 3110 che
587 3045 723 3110 omnino
746 3045 772 3110 si
795 3042 930 3111 sarebbe.
977 3044 1015 3111 Et
1038 3067 1106 3110 non
1129 3041 1275 3110 havendo
1304 3044 1336 3111 io
1360 3044 1509 3110 Mancato
1534 3040 1584 3109 dal

208 3157 306 3213 canto
335 3149 413 3230 mio,
443 3146 474 3214 di
498 3147 696 3236 persuaderle
724 3148 752 3215 la
778 3148 977 3237 professione
1007 3167 1038 3216 et
1060 3145 1249 3216 trovandola
1276 3151 1343 3214 cosi
1371 3147 1485 3230 ferma,
1515 3171 1581 3215 non

209 3253 257 3318 mi
280 3251 439 3320 accadette
468 3253 534 3321 dire
563 3254 653 3336 altr0,
683 3266 714 3323 et
736 3257 868 3343 partisse
896 3255 935 3322 da
963 3278 1052 3322 me«.
1098 3255 1136 3321 Et
1159 3265 1322 3342 prometto
1346 3277 1363 3320 a
1386 3255 1426 3321 V.
1451 3256 1495 3337 S,
1524 3253 1582 3320 che

208 3357 323 3446 d'ogni
344 3382 405 3426 suo
421 3359 540 3448 parlare
563 3372 594 3429 et
618 3360 761 3428 discorso
785 3362 816 3428 io
833 3383 958 3449 sempre
985 3360 1069 3428 »l'ho
1085 3358 1241 3447 giudicata
1263 3359 1417 3447 prudente
1436 3357 1583 3426 Madama

209 3474 243 3530 et
266 3463 346 3530 hora
360 3465 424 3552 pila,
448 3464 571 3533 benche
593 3467 736 3555 potendo
753 3491 846 3534 senza
868 3467 999 3556 perdita,
1024 3489 1118 3534 come
1137 3465 1168 3534 di
1185 3489 1278 3554 sopra
1301 3465 1344 3532 ho
1362 3465 1461 3547 detto,
1485 3466 1583 3532 evitar

207 3571 290 3636 tanti
313 3570 445 3658 pericoli
468 3585 499 3639 et
515 3570 674 3655 difficulm,
698 3596 765 3640 non
789 3575 833 3639 mi
856 3572 960 3641 satisla
983 3572 1086 3641 molto
1103 3588 1212 3661 questa
1235 3594 1290 3638 sua
1313 3569 1526 3638 obstinatione
1549 3567 1584 3637 in¹

208 3699 279 3742 non
304 3687 457 3744 accettare
480 3688 593 3765 questo
613 3701 691 3745 sano
716 3678 904 3767 consigliou.

318 3799 359 3864 Di
382 3798 511 3867 Londra
534 3800 583 3867 alli
607 3804 647 3866 26
672 3800 832 3869 d'ottobre
858 3805 951 3886 1528.

866 4045 928 4130 32.

318 4203 483 4276 Fortsetrung
501 4205 554 4258 und
574 4205 671 4274 Schluss
693 4206 736 4259 des
756 4205 887 4258 Berichtes.
926 4204 1036 4257 Erneute
1053 4203 1244 4275 Vorstellungen
1268 4205 1315 4258 der
1332 4205 1419 4258 beiden
1438 4205 1584 4258 Kardindle

210 4311 245 4346 un
269 4293 312 4345 die
330 4292 446 4364 Kirrigin
465 4293 625 4358 Katharina,
650 4293 769 4347 Antwort
791 4295 838 4348 der
856 4295 980 4363 Ietateren.
1020 4291 1211 4362 Schwierigkeit
1233 4295 1315 4346 seiher
1338 4293 1417 4365 Lege.
1454 4292 1584 4346 Vieller'cht

209 4387 283 4434 sarire
301 4398 326 4434 cs
343 4381 429 4446 tesser,
448 4381 491 4434 die
510 4381 588 4434 Sache
606 4381 673 4434 nicht
692 4384 719 4434 in
738 4381 868 4452 England,
886 4382 994 4435 sondern
1013 4383 1040 4434 in
1060 4380 1124 4434 Rom
1142 4397 1173 4450 zu
1192 4381 1353 4435 entsclreiden.

321 4522 428 4590 »Hieri
455 4521 587 4611 piaeque
615 4521 671 4588 alla
693 4523 815 4589 Maesti
842 4521 892 4590 del
915 4545 964 4604 re,
995 4522 1053 4590 che
1076 4522 1275 4591 Eboracense
1304 4540 1335 4590 et
1358 4524 1390 4589 io
1414 4521 1583 4590 andassino

212 4626 271 4694 alla
294 4628 416 4714 regina,
445 4650 507 4694 con
535 4626 564 4694 la
587 4626 677 4716 quale
700 4628 727 4694 si
749 4627 898 4695 doveano
924 4639 1031 4696 trovar
1058 4627 1080 4694 li
1107 4628 1246 4717 deputati
1274 4639 1305 4696 et
1332 4629 1583 4716 sopranominati

213 4733 403 4821 consiglieri.
450 4733 489 4800 Et
512 4735 578 4800 cosl
601 4732 785 4816 andamm0,
813 4745 845 4802 et
867 4736 900 4801 in
922 4735 1080 4822 presentia
1103 4734 1174 4802 loro
1199 4747 1229 4803 et
1253 4733 1284 4802 di
1308 4757 1376 4802 essa
1399 4734 1509 4820 regina
1531 4759 1583 4802 ex-

213 4841 288 4928 posi
309 4839 336 4906 la
359 4841 492 4928 cagione
520 4837 599 4906 della
622 4839 781 4927 legatione
804 4858 912 4907 nostra
937 4851 969 4908 et
990 4840 1116 4928 replicari
1138 4839 1168 4908 le
1192 4840 1412 4908 commissioni
1442 4851 1473 4908 et
1499 4852 1582 4909 tutto

214 4944 289 5034 quel
305 4945 360 5012 che
380 4945 481 5034 prima
496 4945 619 5013 havevo
644 4943 733 5013 detto
750 4969 767 5014 a
783 4946 845 5016 Sua
860 4947 991 5030 Maesta,
1016 4957 1048 5014 et
1062 4948 1199 5014 maxime
1221 4947 1302 5015 circa
1324 4945 1353 5014 le
1370 4947 1583 5017 exhortationi
