3782 5532
210 333 279 400 1528
298 331 428 388 Oktober.
1540 311 1580 378 55

206 491 268 558 che
293 490 325 558 fu
350 489 450 558 disse:
474 502 587 578 questo
612 491 639 556 ci
662 488 748 557 basta
770 488 798 556 al
822 487 993 556 informare
1017 487 1046 556 le
1069 507 1178 556 nostre
1203 487 1429 556 conscientie«.
1474 485 1498 553 11
1522 485 1581 554 che

206 595 356 666 havendo
381 597 413 663 io
437 597 487 684 gia
510 597 660 686 previsto,
690 593 839 684 parlando
868 618 929 662 con
954 595 986 662 S.
1010 595 1041 661 S.
1067 595 1157 662 lima.
1182 595 1225 682 gli
1253 594 1371 662 haveva
1394 592 1495 674 dett0,
1522 591 1581 660 che

208 703 271 771 nN.
295 703 434 791 Signore
457 703 597 771 l'haveva
620 701 697 770 fatto
715 700 862 791 expedire
886 725 953 768 non
977 701 1093 790 perche
1116 704 1158 769 ita
1177 703 1317 782 sentiret,
1340 723 1393 767 ma
1415 722 1472 788 per
1494 701 1580 766 aiuto

204 807 238 876 di
262 809 293 875 S.
311 809 343 875 S.
360 810 486 891 Rmau,
509 807 657 876 vedendo
680 807 709 876 la
731 809 878 876 instantia
903 807 961 875 che
984 831 1025 874 ne
1042 806 1157 875 faceva.
1199 808 1315 875 »Delta
1337 804 1419 874 bolla
1436 809 1453 872 ὲ
1468 806 1501 872 in
1518 805 1582 872 mia

204 937 316 996 mano,
346 918 387 980 ne
417 915 470 1002 piu
500 938 535 981 se
557 913 673 983 vedera
702 937 795 982 senza
824 937 929 981 nuova
959 913 1188 980 commissione
1217 911 1256 980 de
1284 913 1346 979 Sua
1373 908 1580 978 Beatitudine.

203 1021 265 1086 Poi
288 1019 448 1088 dimostrd
464 1019 495 1088 S.
512 1021 556 1088 M.
582 1020 678 1088 haver
701 1018 832 1108 qualche
856 1030 1010 1107 sospett0‚
1035 1018 1093 1086 che
1116 1020 1203 1108 quasi
1227 1041 1295 1085 non
1318 1039 1352 1084 se
1374 1016 1394 1083 li
1418 1039 1581 1084 mancasse

204 1126 238 1192 in
255 1136 367 1214 questa
391 1148 475 1207 cosa,
500 1124 648 1208 dicendo,
672 1124 731 1193 che
751 1123 789 1192 da
813 1126 966 1192 mercanti
982 1122 1139 1191 Londresi
1161 1124 1259 1192 havea
1282 1146 1348 1191 non
1374 1145 1471 1190 erano
1494 1121 1581 1189 venti

204 1231 286 1299 hore
310 1232 427 1315 inteso,
456 1231 543 1320 dopo
568 1231 626 1300 che
649 1233 695 1299 mi
717 1230 816 1298 havea
839 1230 969 1320 parlato,
998 1229 1057 1298 che
1081 1231 1270 1298 metteriano
1294 1252 1412 1318 pegno‚
1437 1228 1496 1296 che
1519 1227 1581 1296 Sua

204 1337 327 1405 Santitl
350 1339 376 1404 si
400 1335 578 1405 accordaria
602 1361 663 1405 con
687 1335 719 1404 lo
735 1337 930 1424 Imperatore
938 1363 947 1419 ;
980 1334 1239 1424 soggiungendo,
1264 1335 1322 1402 che
1346 1358 1414 1402 essa
1437 1357 1489 1402 era
1513 1332 1580 1421 dig-

204 1443 341 1511 nissimo
365 1442 536 1525 Pontifice,
565 1465 617 1510 ma
641 1442 699 1510 che
723 1454 836 1533 questo
861 1453 988 1510 tranare
1017 1443 1095 1510 hora
1118 1466 1181 1510 con
1204 1465 1270 1509 uno
1295 1460 1326 1509 et
1350 1441 1428 1508 hora
1452 1463 1514 1507 con
1538 1462 1580 1506 un

204 1547 287 1615 altro
311 1561 342 1616 et
366 1572 434 1617 non
462 1571 548 1617 esser
576 1548 716 1617 neutrale
738 1571 817 1616 vero
842 1560 873 1617 et
896 1550 1021 1616 sincero
1050 1571 1117 1614 non
1140 1547 1185 1636 gli
1211 1549 1370 1636 piaceva«.
1416 1546 1452 1614 lo
1475 1545 1518 1633 gli
1541 1547 1582 1612 ri·

204 1655 294 1741 sposi
318 1654 436 1744 quello,
462 1654 546 1722 »che
569 1655 601 1721 io
625 1677 686 1722 sou
710 1653 853 1722 debitore
877 1652 908 1721 di
932 1653 1009 1736 dire,
1034 1653 1267 1735 concludendo,
1295 1652 1354 1720 che
1377 1653 1439 1720 Sua
1461 1651 1580 1718 Santitl

204 1783 275 1826 uon
298 1759 424 1828 sarebbe
448 1783 522 1828 cosa
544 1759 683 1848 indegna
705 1759 781 1828 d'un
804 1759 893 1827 bono
918 1771 949 1827 et
972 1761 1097 1847 op'timo
1120 1757 1300 1841 Pontefrce,
1327 1781 1380 1826 ma
1403 1757 1505 1825 cheli
1529 1779 1582 1824 era

203 1869 387 1934 necessario
412 1867 508 1934 haver
529 1868 661 1956 rispetto
678 1865 811 1934 amolte
834 1889 920 1948 cose,
944 1889 1011 1934 non
1034 1864 1105 1934 solo
1130 1889 1186 1954 per
1201 1889 1246 1948 se,
1270 1889 1322 1932 ma
1345 1887 1401 1954 per
1423 1862 1581 1931 l’autoritd

204 1971 287 2040 della
301 1971 385 2039 Sede
402 1972 586 2061 Apostolica
610 1992 641 2039 et
664 1973 908 2041 conservatione
932 1970 983 2039 del
998 1983 1080 2040 stato
1105 1971 1329 2052 ecclesiastico,
1353 1967 1438 2038 onde
1455 1971 1580 2038 mostrb

204 2089 324 2144 restare
348 2075 411 2143 ben
435 2089 621 2146 contento«.

312 2183 372 2249 Poi
401 2182 573 2251 andammo
601 2201 715 2272 questo
743 2183 847 2251 Illm0.
876 2195 908 2251 et
937 2185 1033 2252 Rmo.
1064 2194 1095 2250 et
1124 2183 1156 2248 io
1181 2181 1238 2250 alla
1267 2182 1355 2249 reina
1385 2192 1417 2249 et
1447 2204 1510 2249 con
1541 2181 1581 2248 lei

204 2289 433 2376 ragionammo
461 2290 541 2356 circa
570 2286 631 2357 due
662 2289 751 2356 hore.
798 2289 835 2357 Et
864 2287 953 2356 iofu
982 2288 1004 2356 il
1025 2289 1141 2376 primo,
1171 2286 1192 2354 il
1215 2288 1305 2377 quale
1334 2286 1421 2375 dopo
1449 2286 1479 2356 le
1502 2286 1582 2354 salu-

204 2395 319 2462 tationi
343 2406 404 2462 etc.
429 2393 457 2461 le
473 2392 558 2462 diedi
579 2393 608 2462 la
630 2393 739 2462 lettera
763 2393 872 2462 diSua
888 2394 1017 2477 Santitt,
1040 2394 1070 2461 la
1091 2393 1182 2484 quale
1204 2394 1343 2461 ricevuta
1367 2405 1398 2460 et
1420 2393 1495 2462 letta
1518 2417 1580 2461 con

206 2500 313 2568 buona
329 2523 402 2568 cera
424 2501 468 2566 mi
493 2499 656 2568 domando
680 2499 753 2590 quel
769 2499 827 2568 che
851 2512 938 2568 sotto
962 2499 1158 2568 lacredenza
1181 2499 1213 2567 di
1236 2499 1321 2568 detta
1343 2499 1453 2567 lettera
1476 2499 1505 2568 le
1529 2500 1581 2567 111-

204 2631 285 2673 veva
308 2605 348 2674 da
372 2606 449 2675 dire.
487 2605 586 2674 Onde
609 2607 641 2673 io
665 2607 843 2690 cominciai,
867 2608 926 2675 che
950 2630 1017 2674 non
1041 2605 1204 2694 possendo
1220 2606 1262 2673 N.
1279 2604 1416 2692 Signore
1441 2604 1581 2694 denegat

206 2713 323 2780 iustitia
347 2711 441 2780 achi
466 2711 494 2780 la
517 2713 634 2780 ricerca
656 2712 720 2779 Sua
741 2712 861 2781 Santitt
889 2712 1007 2780 haveva
1035 2710 1185 2779 mandato
1214 2711 1235 2778 il
1261 2711 1357 2780 Rmo.
1381 2711 1581 2779 Eboracense

207 2830 238 2885 et
262 2841 315 2885 me
345 2819 377 2885 in
400 2820 461 2908 qua
483 2838 540 2904 per
561 2816 726 2885 intendere
750 2816 772 2885 il
793 2829 876 2885 stato
900 2816 931 2885 di
954 2829 1064 2908 questa
1088 2841 1180 2885 causa
1202 2815 1247 2884 fra
1270 2840 1326 2884 sua
1349 2816 1476 2884 Altezza
1499 2837 1530 2884 et
1553 2816 1582 2884 la

206 2923 329 2991 Maesti
359 2922 411 2991 del
434 2946 484 3006 re;
518 2946 569 2989 ma
600 2922 657 2990 che
688 2921 825 2991 essendo
856 2923 884 2990 11
908 2947 982 2991 cosa
1013 2923 1116 2992 molto
1147 2924 1339 3012 importante
1372 2936 1403 2990 et
1429 2923 1522 3013 piena
1550 2921 1581 2990 di

206 3027 368 3110 difficulta,
390 3028 420 3097 la
435 3026 632 3096 Beatitudine
647 3029 710 3097 Sua
732 3052 789 3117 per
806 3028 937 3098 l'officio
953 3040 1086 3119 paterno
1111 3041 1143 3097 et
1164 3051 1275 3096 amore
1299 3028 1357 3097 che
1374 3028 1417 3118 gli
1440 3047 1581 3118 portans,

206 3134 370 3203 confidato
398 3135 502 3203 molto
526 3133 607 3202 nella
634 3158 690 3202 sua
712 3134 893 3224 prudentia,
920 3135 972 3202 »la
995 3134 1202 3224 consigliava,
1226 3134 1285 3202 che
1308 3137 1360 3224 pilr
1389 3145 1496 3223 presto
1522 3135 1582 3204 che

205 3243 314 3310 venire
338 3265 356 3307 a
379 3239 496 3308 iudicio
520 3240 644 3309 volesse
672 3264 735 3309 con
762 3240 792 3309 la
813 3240 985 3332 prudentia¹
1007 3265 1063 3309 sua
1086 3241 1225 3329 pigliarci
1253 3239 1344 3309 alcun
1368 3263 1489 3324 mezzo,
1522 3240 1580 3308 che

205 3347 291 3414 fusse
314 3370 333 3414 a
356 3345 549 3414 satisfaction
574 3369 747 3414 commune
772 3358 804 3415 et
827 3371 889 3415 con
905 3369 982 3434 gran
1006 3345 1163 3415 beneficio
1182 3370 1242 3413 suo
1267 3357 1299 3414 et
1315 3344 1394 3414 delle
1418 3369 1493 3414 cose
1512 3371 1579 3429 sue,

205 3477 272 3520 non
295 3453 325 3521 le
342 3451 552 3542 exprimendo
576 3451 761 3520 altramente
785 3453 805 3520 il
829 3451 941 3535 modo,
966 3451 1157 3541 expettando
1182 3475 1309 3520 essetne
1332 3451 1516 3520 dimandato
1540 3451 1579 3520 da

204 3559 277 3627 lein.
323 3558 468 3626 llRmo.
495 3557 696 3626 Eborucense
726 3558 938 3647 seguendomi
968 3558 1056 3649 parld
1087 3560 1119 3625 in
1149 3559 1373 3640 consonantia,
1404 3569 1436 3626 et
1461 3557 1579 3646 perche

204 3665 329 3754 parlava
351 3664 373 3732 il
395 3664 449 3752 piu
472 3665 504 3730 in
528 3675 637 3753 questa
659 3664 775 3753 lingua,
799 3667 876 3753 perd
900 3688 968 3732 non
991 3664 1035 3732 ho
1059 3665 1162 3733 inteso
1178 3688 1196 3732 a
1212 3664 1300 3734 fatto.
1338 3664 1369 3732 S.
1387 3665 1431 3732 M.
1455 3665 1577 3752 rispose

205 3771 317 3840 ch'ella
339 3793 454 3858 sapeva
475 3769 505 3836 la
530 3771 701 3838 »sinceritl
723 3770 804 3838 della
827 3794 882 3838 sua
905 3772 1101 3839 conscientia
1124 3784 1155 3839 et
1178 3771 1237 3838 che
1260 3770 1373 3838 voleva
1403 3771 1522 3838 morire
1545 3772 1579 3837 in

204 3877 232 3945 la
256 3888 345 3944 santa
368 3874 450 3958 fede,
474 3874 655 3943 obedientia
678 3873 750 3944 delli
773 3874 1068 3944 commandamenti
1092 3875 1132 3945 de
1156 3877 1220 3944 Dio
1245 3889 1276 3944 et
1299 3875 1330 3944 di
1350 3875 1447 3944 Santa
1462 3875 1579 3944 Chiesa

205 3995 237 4052 et
261 3983 319 4050 che
335 3981 449 4049 voleva
472 3979 628 4048 declarare
652 4005 707 4048 sua
731 3983 925 4050 conscientia
949 3982 1023 4050 aN.
1041 3981 1187 4070 Signore.
1228 3983 1266 4049 Et
1290 4003 1346 4069 per
1368 3980 1487 4049 allhora
1510 4005 1578 4049 non

203 4088 317 4156 voleva
341 4086 415 4154 dare
438 4085 513 4154 altra
535 4087 681 4175 risposta,
705 4111 756 4154 1111
780 4088 839 4156 che
854 4087 967 4158 voleva
991 4086 1185 4156 domandare
1207 4086 1386 4176 consiglieri
1410 4087 1438 4154 al
1460 4111 1495 4155 re
1517 4111 1577 4157 suo

204 4197 333 4284 signore
358 4204 391 4261 et
413 4203 582 4260 consorte«
610 4204 642 4261 et
664 4193 722 4260 che
745 4196 800 4283 poi
824 4195 852 4261 ci
871 4193 970 4262 udiria
993 4205 1026 4262 et
1048 4192 1263 4284 responderis,
1287 4192 1507 4261 dimostrando
1525 4217 1577 4261 ex-

204 4323 321 4389 presse,
334 4300 449 4367 havere
461 4299 576 4381 inteso,
593 4321 610 4365 a
623 4299 681 4367 che
694 4299 813 4368 andava
825 4298 852 4368 la
864 4301 1049 4388 persuasion
1065 4311 1182 4382 nostra,
1196 4300 1266 4367 cioe
1281 4299 1339 4368 nad
1354 4299 1575 4388 religionem«.

204 4407 302 4474 llche
326 4407 360 4472 io
383 4427 451 4471 non
467 4405 509 4492 gli
532 4407 624 4492 negai
649 4417 680 4474 et
695 4407 740 4473 mi
762 4404 875 4474 sforzai
890 4405 1099 4494 persuaderle,
1123 4406 1182 4473 che
1206 4407 1238 4472 in
1255 4429 1328 4472 man
1352 4428 1418 4488 sua,
1442 4403 1575 4473 lacendo

204 4529 328 4602 questo,
352 4533 406 4578 era
428 4507 460 4576 di
476 4532 673 4598 componere
696 4509 717 4577 il
735 4523 818 4579 tutto
834 4510 997 4595 talrnente‚
1021 4511 1079 4579 che
1095 4535 1112 4578 a
1128 4512 1203 4593 Diu,
1228 4510 1284 4578 nlla
1300 4509 1495 4578 conscientia
1510 4535 1575 4594 sua,

205 4618 262 4685 ullu
277 4617 378 4706 gloria
401 4614 530 4683 etfama
552 4614 603 4683 del
626 4639 685 4683 suo
702 4641 801 4685 nome
825 4629 856 4686 et
872 4616 920 4685 alli
944 4617 1061 4686 honori
1084 4635 1115 4685 et
1131 4615 1180 4684 alli
1202 4615 1370 4704 temporali
1392 4614 1466 4683 beni
1490 4627 1522 4684 et
1536 4616 1575 4685 ad

206 4724 284 4812 ogni
305 4745 382 4790 cosa
404 4721 430 4788 si
453 4720 615 4804 satissatis,
645 4724 731 4790 etin
754 4725 859 4812 specie
889 4723 971 4791 »alla
992 4725 1175 4792 succession
1198 4721 1230 4790 di
1253 4745 1309 4789 sua
1331 4719 1431 4809 figlia,
1461 4734 1493 4791 et
1516 4722 1575 4790 che

206 4851 274 4896 nou
295 4827 437 4916 perderis
461 4850 536 4894 cosa
558 4827 684 4911 alcuna,
712 4853 746 4896 se
770 4852 837 4896 non
860 4828 942 4896 l'uso
966 4828 1046 4896 della
1070 4850 1205 4918 persona
1228 4827 1278 4895 del
1301 4850 1351 4910 re,
1375 4827 1446 4917 qual
1470 4827 1576 4916 digit

207 4935 304 5002 havea
325 4955 420 5022 perso
444 4945 476 5001 et
497 4955 554 5021 per
570 4953 688 5023 quanto
711 4935 745 5002 io
761 4957 930 5019 conoscea‚
953 4957 1021 5001 non
1038 4957 1090 5002 era
1112 4956 1168 5022 per
1190 4932 1392 5022 ricupmnrlo,
1416 4951 1448 5004 et
1466 4933 1576 5004 ch’ella
