3810 5528
328 295 370 358 38
1528 309 1601 382 April
1625 309 1696 378 1528.

328 467 559 538 Dominatione
571 471 686 540 Vestra
708 471 747 540 ad
763 472 1003 542 Sanctissinrum
1019 474 1060 542 D.
1077 474 1119 544 N.
1136 474 1296 542 Dominus
1306 471 1489 568 ¹Stephanus
1506 467 1697 538 Gardinerus

329 593 359 641 et
387 575 548 643 Dominus
576 576 760 646 Eduuardus
786 579 890 646 Foxus
919 579 1013 668 legati
1037 603 1152 670 meque
1180 578 1261 668 apud
1284 579 1488 646 Sanctitatem
1512 575 1608 643 Suam
1633 596 1698 640 uon

327 679 547 764 offendissent,
571 683 722 771 episcopo
738 684 890 753 Feltrensi
906 685 1001 768 lratri,
1025 688 1078 774 qui
1101 685 1162 753 illic
1180 687 1254 773 agit,
1278 685 1451 752 Maiestatis
1473 683 1579 770 regiae
1600 692 1632 747 et
1654 677 1698 745 Ill.

327 809 363 854 ac
386 787 465 854 Rev.
488 787 727 858 Dominationis
744 793 876 860 Vestrae
898 792 1015 860 litteras
1038 790 1244 873 tradiderunt,
1267 789 1378 880 quibus
1401 787 1441 856 ad
1457 811 1509 856 me
1528 785 1654 875 perlatis
1669 795 1701 851 et

328 890 416 960 lectis
444 917 516 962 cum
546 897 789 984 cognovissem,
815 897 889 987 quid
917 922 934 965 a
963 922 1014 966 me
1045 899 1233 986 exigeretur,
1262 895 1520 964 molestissimam
1549 893 1631 959 hanc
1658 890 1700 958 le-

327 1000 491 1085 gationem
522 1023 627 1068 meam
658 1025 740 1090 pene
769 1016 930 1072 execratus
960 1027 1047 1087 sum,
1078 1005 1166 1070 cuius
1197 1026 1289 1070 causa
1317 1000 1489 1082 detinebar,
1517 996 1606 1088 quod
1633 1019 1701 1064 non

327 1105 432 1172 statim
456 1103 496 1172 ad
519 1129 576 1174 eos
598 1105 791 1192 advolarem,
815 1121 849 1177 ut
872 1111 916 1177 eis
940 1107 1054 1192 officia,
1078 1108 1179 1177 studia
1203 1121 1235 1176 et
1250 1107 1403 1198 obsequia
1424 1129 1497 1174 mea
1515 1105 1626 1172 omnia
1650 1125 1701 1169 ex·

327 1209 468 1279 hiberem
486 1235 619 1302 eamque
636 1237 766 1302 operam
788 1215 943 1283 Maiestati
959 1217 1064 1304 regiae
1080 1228 1111 1284 et
1127 1215 1203 1284 Rev.
1221 1235 1252 1282 et
1267 1213 1312 1281 lll.
1328 1211 1552 1280 Dominatioui
1568 1210 1703 1275 Vestrae

327 1340 486 1400 navarent,
511 1341 605 1408 quam
629 1330 660 1387 et
676 1323 772 1388 vestri
791 1319 936 1389 desiderii
960 1324 1039 1389 ratio
1056 1333 1087 1390 et
1103 1345 1213 1388 causae
1236 1319 1426 1408 magnitudo
1442 1316 1499 1384 sibi
1523 1331 1703 1404 exposcunt

327 1447 485 1513 quamque
509 1423 599 1491 vobis
626 1438 784 1513 praestare
811 1424 927 1496 diutius
951 1429 1154 1516 concupisco.
1200 1427 1308 1517 ltaque
1336 1423 1445 1493 nullibi
1469 1435 1517 1490 est
1546 1423 1625 1502 iam,
1651 1418 1703 1486 ubi

327 1553 413 1596 nunc
436 1529 539 1620 (non)
565 1553 634 1599 esse
661 1531 770 1600 malim
793 1556 887 1622 quam
911 1535 1049 1617 Romae,
1077 1532 1129 1601 ubi
1153 1557 1227 1602 cum
1251 1533 1361 1600 omnia
1391 1540 1497 1598 essent
1524 1529 1649 1616 ingrata
1672 1537 1704 1592 et

328 1635 493 1703 molestiae
521 1634 628 1723 plena,
659 1638 723 1706 hoc
749 1640 847 1707 veluti
874 1651 1039 1708 aucturum
1066 1641 1212 1722 accessit,
1241 1661 1306 1728 quo
1337 1637 1437 1704 invisa
1466 1634 1546 1703 mihi
1575 1631 1704 1721 penitus

326 1741 475 1810 reddatur
503 1742 580 1811 haec
608 1742 734 1831 legatio.
780 1745 831 1812 Ne
863 1765 971 1813 tamen
999 1744 1086 1836 quod
1114 1745 1153 1814 ad
1182 1743 1324 1813 officium
1353 1753 1494 1832 spectare
1522 1736 1704 1814 arbitrabar,

327 1849 431 1938 aliquo
456 1847 557 1916 modo
580 1851 881 1937 praetennitterem,
904 1869 1057 1941 quantum
1081 1874 1137 1939 per
1160 1851 1333 1918 absentiam
1356 1848 1458 1928 licuit,
1486 1845 1598 1913 litteris
1623 1844 1704 1911 meis

328 1954 364 2020 iis
388 1953 566 2023 oratoribus
589 1953 662 2023 affui
681 1967 774 2046 atque
797 1981 853 2046 per
868 1956 995 2025 fratrem
1012 1980 1142 2046 operam
1166 1979 1271 2024 meam
1288 1977 1420 2022 omnem
1437 1950 1538 2021 obtuli
1561 1952 1705 2038 itemque

327 2059 437 2128 litteris
461 2059 578 2128 eodem
602 2061 773 2150 interprete
795 2061 982 2150 pontificem
1006 2062 1067 2131 adii
1089 2062 1126 2131 ab
1143 2085 1247 2151 eoque
1270 2083 1400 2128 summo
1419 2057 1525 2127 studio
1549 2069 1582 2124 et
1606 2056 1704 2124 multa

328 2188 423 2254 prece
438 2165 592 2234 contendi
616 2189 651 2234 ac
667 2167 797 2255 supplex
820 2169 906 2256 petii,
930 2181 965 2236 ut
984 2169 1215 2238 honestissimis
1230 2167 1404 2234 Maiestatis
1426 2165 1532 2252 regiae
1547 2163 1633 2230 votis
1651 2184 1705 2229 an-

328 2283 454 2353 nueret,
483 2271 589 2340 multis
614 2271 717 2340 obiter
740 2275 847 2364 eisque
875 2274 1074 2363 amplissimis
1099 2297 1172 2362 erga
1200 2297 1260 2340 nos
1284 2291 1315 2340 et
1338 2270 1560 2360 Apostolicam
1585 2265 1703 2334 Sedent

327 2401 363 2445 ac
391 2378 595 2446 Sanctitatem
621 2377 717 2445 Suam
745 2381 866 2447 meritis
894 2381 1095 2462 enumeratis,
1124 2403 1184 2469 qua
1212 2381 1246 2446 in
1270 2402 1303 2446 re
1327 2376 1452 2445 abunde
1479 2372 1623 2463 locuples
1650 2371 1703 2453 fui,

327 2507 393 2552 non
423 2484 495 2572 quia
521 2483 702 2552 istiusmodi
731 2483 829 2552 multa
856 2485 888 2552 in
917 2485 983 2553 eius
1011 2485 1110 2554 oeulis
1138 2508 1206 2552 non
1229 2475 1405 2564 versentur,
1437 2481 1494 2550 sed
1522 2493 1557 2549 ut
1585 2479 1616 2546 in
1647 2478 1704 2545 hac

327 2591 392 2678 ipsa
415 2612 449 2657 re
473 2589 550 2657 mihi
575 2589 667 2678 plane
689 2589 911 2658 satisfacerem.
958 2589 992 2658 ld
1015 2590 1103 2680 quod
1125 2590 1236 2660 sedulo
1258 2591 1349 2657 omni
1373 2588 1497 2656 ratione
1517 2608 1704 2675 prosequar,

327 2694 448 2763 nullum
471 2695 565 2763 studii
589 2707 643 2763 atut
658 2694 755 2762 officii
778 2719 879 2783 genus
895 2698 1148 2784 praetermittens
1172 2696 1268 2778 iniis,
1291 2718 1372 2785 quae
1396 2695 1469 2761 huic
1485 2715 1599 2760 causae
1616 2714 1704 2758 com-

327 2801 423 2869 moda
439 2801 508 2868 fore
524 2823 726 2890 perspexero,
751 2823 817 2868 non
838 2801 938 2869 modo
962 2821 995 2869 ut
1020 2801 1219 2890 amplissimis
1235 2802 1347 2869 vestris
1371 2821 1446 2888 erga
1469 2821 1522 2866 rne
1541 2795 1704 2866 beneficiis

326 2907 428 2996 aliqua
451 2930 489 2974 ex
512 2918 599 2995 parte
622 2905 850 2994 respondeam,
879 2907 936 2975 sed
959 2925 992 2974 ut
1015 2907 1116 2996 palam
1145 2931 1218 2974 cum
1242 2906 1392 2974 omnibus
1420 2917 1489 2972 tum
1513 2901 1605 2970 vobis
1629 2903 1705 2990 ipsis

327 3015 377 3095 sit,
401 3012 572 3080 voluntatis
591 3023 713 3079 vestrae
737 3036 789 3080 me
813 3011 1039 3081 studiosiorem
1062 3024 1116 3080 aut
1138 3011 1411 3080 observantiorem
1436 3011 1487 3077 hic
1503 3032 1564 3077 vos
1588 3007 1705 3076 habere

327 3119 502 3199 neminem,
524 3129 618 3206 atque
643 3116 744 3185 obiter
767 3141 800 3185 re
824 3119 889 3206 ipsa
913 3120 1013 3205 magis
1036 3142 1130 3208 quam
1150 3119 1296 3188 oratione
1318 3117 1480 3206 repellam,
1503 3139 1584 3204 quae
1609 3113 1706 3181 male

327 3223 391 3291 voli
415 3222 497 3313 apud
521 3246 579 3290 vos
609 3225 715 3310 inepte
739 3225 839 3310 magis
863 3245 956 3312 quarn
980 3221 1122 3291 studiose
1146 3223 1185 3290 de
1209 3246 1261 3290 me
1289 3222 1519 3311 praedicarunt.
1567 3221 1666 3288 Nunc
1690 3243 1707 3286 a

328 3330 506 3417 legatorum
530 3327 667 3397 adventu
690 3331 722 3396 in
746 3351 838 3398 causa
861 3328 935 3418 quid
959 3341 1063 3396 actum
1087 3331 1136 3411 sit,
1160 3328 1235 3418 quid
1258 3340 1368 3416 agatur
1383 3324 1500 3418 quidve
1524 3326 1643 3408 obstet,
1668 3349 1706 3393 ex

328 3459 440 3503 eorum
463 3434 574 3502 litteris
595 3433 640 3502 lll.
666 3454 697 3502 et
718 3435 794 3503 Rev.
813 3433 1000 3501 Dominatio
1018 3434 1132 3501 Vestra
1154 3446 1339 3522 cognoscet.
1380 3432 1481 3516 Quod
1505 3433 1531 3500 si
1555 3455 1608 3499 tes
1632 3453 1708 3499 nec-

327 3540 404 3610 dum
428 3540 606 3622 conficitur,
636 3539 714 3608 nihil
741 3541 858 3608 mitum
886 3541 1020 3626 cuipiam
1050 3563 1118 3606 esse
1142 3538 1250 3621 debet,
1280 3563 1384 3628 neque
1413 3539 1500 3606 enirn
1530 3537 1626 3605 obvia
1655 3550 1709 3606 aut

327 3648 404 3716 levis
428 3659 475 3714 est
492 3647 621 3735 eiusque
645 3657 784 3726 naturae,
808 3668 888 3734 quae
912 3668 978 3712 non
1002 3643 1103 3712 multo
1120 3647 1257 3712 maxima
1277 3643 1535 3713 consideratione
1552 3643 1707 3732 indigeat.

327 3753 396 3840 Ego
414 3750 500 3841 quod
524 3749 631 3818 adme
651 3752 773 3832 attinet,
797 3773 852 3838 per
867 3748 1059 3817 incredibilia
1075 3761 1176 3817 vestra
1200 3773 1273 3838 erga
1292 3773 1345 3817 me
1362 3749 1515 3818 beneficia
1539 3749 1709 3837 polliceor,

327 3879 380 3924 me
409 3855 507 3923 verbo
541 3877 638 3943 opere
671 3853 785 3922 auxilio
818 3853 953 3921 consilio
984 3856 1081 3940 gratia
1114 3875 1145 3922 et
1178 3857 1268 3922 omni
1301 3855 1438 3945 denique
1471 3854 1579 3922 studio
1614 3854 1710 3922 effec-

328 3975 451 4043 turum,
475 3973 509 4028 ut
533 3959 610 4027 nihil
639 3961 670 4026 in
694 3983 747 4026 me
773 3957 966 4027 desideretis.
998 4012 1708 4029 ......................

541 4151 708 4206 CodVatic.
731 4167 796 4224 3922
821 4151 838 4206 s.
861 4153 917 4220 308.
954 4151 1010 4206 Der
1029 4151 1123 4223 Kopist
1147 4153 1192 4207 hat
1215 4154 1275 4208 lrein
1294 4155 1395 4209 Datum
1419 4153 1573 4226 beigelitgt,
1597 4155 1664 4208 aber
1684 4157 1711 4208 in

434 4240 485 4294 den
506 4239 651 4312 folgenden
671 4239 847 4294 Abschnitten
866 4238 913 4319 des
932 4239 1089 4294 Schreibens
1109 4241 1181 4312 giebt
1201 4242 1247 4296 der
1266 4243 1390 4296 Kardiual
1411 4261 1435 4297 u.
1456 4259 1479 4296 a.
1500 4244 1580 4296 einen
1601 4243 1711 4297 Bericht

435 4328 500 4381 taber
518 4327 560 4381 die
579 4327 824 4398 Kriegsereignisse
849 4327 873 4380 in
894 4327 1009 4398 Neapel,
1029 4345 1134 4382 woraus
1153 4330 1210 4385 sich
1233 4329 1367 4384 erlrennen
1387 4329 1460 4398 lassa,
1487 4329 1545 4384 dass
1570 4329 1619 4384 der
1638 4329 1716 4386 Brief

434 4414 510 4470 Ende
533 4415 607 4486 April
630 4411 738 4470 vertasst
763 4415 804 4467 ist.
841 4413 936 4468 Dieses
961 4416 1060 4469 Datum
1086 4417 1230 4488 entspricht
1256 4419 1324 4473 auch
1349 4419 1412 4474 dem
1436 4419 1712 4474 nntwortsehreiben

436 4503 563 4574 Wolseys
582 4519 647 4556 vom
669 4517 707 4556 rt.
727 4501 780 4556 Mai
803 4503 876 4570 1528.
913 4503 1021 4556 Brewer
1045 4503 1090 4559 lV.
1111 4523 1136 4560 n.
1155 4519 1232 4578 4249.
1270 4507 1325 4560 Das
1344 4507 1491 4561 Sclrreiben
1506 4507 1647 4580 Wolseys,
1666 4507 1716 4562 auf

436 4590 555 4646 welches
580 4591 637 4644 sich
656 4588 827 4660 Campeggio
852 4590 982 4662 cingangs
1006 4591 1123 4659 bezieht,
1148 4593 1181 4646 ist
1206 4593 1343 4664 jedenlalls
1369 4595 1502 4649 identisch
1525 4595 1576 4648 mit
1600 4596 1713 4663 Burnet,

329 4689 331 4694 '
436 4678 506 4734 Coll.
531 4678 562 4732 11.
582 4695 607 4731 n.
631 4693 669 4747 13,
689 4676 808 4730 welches
832 4677 894 4730 aber
916 4677 958 4730 bei
978 4679 1085 4732 Brewer
1108 4679 1153 4734 lV.
1173 4698 1198 4734 n.
1221 4696 1283 4753 3921
1306 4663 1433 4754 richtiger
1456 4683 1552 4738 datiert
1576 4683 1621 4738 ist.
1659 4683 1713 4738 Die

435 4764 691 4837 Verdatchtigungen
710 4780 800 4836 gegen
819 4763 997 4836 Campeggio,
1016 4783 1070 4820 von
1089 4767 1175 4822 denen
1190 4769 1304 4842 Wolsey
1323 4768 1383 4824 dort
1402 4771 1511 4844 spricht,
1530 4771 1622 4826 haben
1642 4773 1714 4826 auch

436 4855 478 4908 die
497 4853 642 4909 Schreiben
661 4853 708 4907 des
727 4853 838 4923 Papstes
857 4853 883 4906 in
902 4852 989 4907 dleser
1007 4853 1093 4909 Sache
1112 4855 1168 4926 (Nr.
1191 4855 1222 4910 16
1241 4857 1295 4911 und
1316 4861 1359 4928 17)
1379 4857 1532 4914 veranlasst.
