3842 5532
183 343 331 398 Consilium
351 358 430 416 supet
449 362 526 399 causa
546 340 667 416 Anglica.
1489 333 1552 395 233

182 505 274 574 etiam
291 503 398 572 forsan
422 507 578 572 sententia
595 504 653 572 lata
677 503 845 586 affirment,
870 503 991 572 iudices
1011 505 1112 592 magis
1136 505 1166 570 in
1184 505 1315 591 gratiam
1340 506 1434 593 regis,
1458 529 1552 594 quam

182 635 218 678 ex
247 613 403 700 aequitate
431 612 506 677 iuris
536 611 705 692 iudicasse,
733 613 917 699 praesertim
947 634 1018 678 cum
1051 611 1238 698 suspicionis
1261 609 1428 700 pleraeque
1452 611 1553 679 adsint

181 741 291 784 causae
320 729 352 784 et
379 715 564 783 verisimiles
593 716 779 784 admodum.
832 717 961 805 Quippe
989 715 1078 805 quod
1109 715 1227 783 iudices
1257 716 1421 805 multiplici
1445 716 1553 785 officio

180 821 236 889 sibi
265 822 425 889 obnoxios
456 822 612 906 habuerit,
644 822 730 912 quod
762 825 793 889 in
821 846 924 910 regno
955 845 1014 890 suo
1043 845 1077 889 se
1106 823 1200 890 etiam
1231 836 1396 910 praesente
1428 847 1551 890 causam

180 931 333 1016 cognosci
350 929 496 1009 voluerit,
519 949 613 1018 arque
630 931 653 995 si
672 929 744 996 Deo
761 929 872 1017 placet,
896 926 983 1017 quod
1007 931 1039 994 in
1057 928 1200 996 Caesaris
1219 927 1381 1009 invidiam,
1405 930 1553 997 adversus

179 1059 274 1123 quem
303 1036 364 1101 iam
395 1034 601 1102 denunciatur
625 1034 757 1118 bellum,
786 1036 848 1102 hoc
876 1047 981 1102 totum
1010 1033 1125 1102 factum
1156 1036 1204 1102 sit.
1253 1034 1342 1116 Quid
1365 1034 1452 1124 quod
1476 1034 1551 1102 dum

179 1141 255 1208 haec
279 1142 483 1208 mussitamus
507 1154 538 1209 et
562 1139 698 1208 necdum
723 1141 872 1209 iudicium
891 1142 1097 1208 constitutum
1122 1154 1180 1220 est,
1204 1163 1296 1230 quam
1320 1140 1445 1228 plurimi
1469 1154 1552 1223 sunt,

179 1248 231 1336 qui
255 1245 491 1329 circumferunt,
520 1246 718 1314 Maiestatem
742 1248 836 1314 Suam
861 1245 995 1334 legitimi
1018 1245 1103 1313 thori
1131 1259 1307 1334 pertaesam
1331 1269 1419 1314 novo
1443 1269 1553 1314 amore

179 1371 301 1440 captam
326 1375 426 1420 novas
450 1354 573 1440 nuptias
596 1352 751 1434 affectare,
775 1375 841 1419 non
863 1353 1086 1434 conscientiae,
1111 1351 1166 1419 sed
1190 1371 1224 1419 ut
1247 1355 1353 1419 sensui
1377 1352 1552 1434 satisfaciat,

178 1457 265 1545 quod
289 1480 388 1547 usque
412 1458 492 1526 adeo
517 1482 534 1525 a
558 1458 662 1526 multis
687 1457 868 1540 affirmatur,
897 1473 931 1526 ut
955 1459 1015 1525 iam
1041 1457 1202 1546 designata
1226 1481 1310 1527 nova
1333 1477 1429 1547 nupta
1454 1461 1553 1547 expri-

178 1576 291 1630 matur.
332 1563 366 1630 Id
382 1587 476 1679 quam
500 1562 626 1632 difficile
650 1589 688 1632 ex
710 1565 878 1632 hominum
903 1563 1062 1631 mentibus
1079 1563 1167 1632 evelli
1193 1566 1302 1652 possit,
1327 1587 1385 1653 pro
1402 1567 1560 1653 sapientia

178 1691 233 1734 sua
263 1669 353 1736 facile
385 1671 592 1736 coniecturari
623 1683 738 1758 potest.
786 1670 933 1751 Accedit,
964 1669 1052 1759 quod
1083 1669 1223 1759 plerique
1256 1672 1350 1738 etiam
1383 1684 1470 1753 sunt,
1501 1674 1553 1761 qui

178 1773 299 1856 dicant,
328 1775 523 1863 designatam
553 1799 686 1844 uxorem
711 1775 826 1844 eodem
856 1774 1014 1844 affinitatis
1046 1775 1144 1863 gradu
1174 1790 1205 1844 et
1235 1776 1467 1864 impedimento
1496 1779 1552 1845 sibi

179 1881 383 1947 coniunctam
401 1905 480 1963 esse,
505 1905 598 1971 quam
624 1885 690 1950 iure
707 1885 813 1950 uxoris
839 1901 869 1950 et
887 1883 1081 1950 matrimonii
1104 1883 1129 1948 si
1150 1881 1207 1949 sibi
1230 1885 1440 1966 coniunxerit,
1465 1884 1553 1952 Deus

178 1986 275 2068 bone,
292 1989 361 2076 quis
376 2011 487 2055 rumor
504 1991 562 2057 erit
578 1991 610 2055 in
627 1988 758 2077 popu10,
782 1991 835 2077 qui
852 1989 1021 2057 hominum
1038 2011 1215 2071 sermones,
1235 2013 1314 2078 quae
1331 1991 1553 2077 cogitationes,

178 2091 277 2180 qualis
301 2092 402 2160 futura
426 2093 562 2183 denique
587 2108 633 2162 est
657 2095 829 2163 Maiestatis
848 2095 929 2162 Suae
952 2093 1034 2183 apud
1058 2118 1172 2162 omnes
1197 2096 1399 2177 existimatio
1424 2120 1496 2163 cum
1523 2096 1552 2164 id

178 2221 246 2264 non
271 2201 501 2283 conscientiae,
530 2223 596 2267 non
622 2201 682 2288 legi
712 2201 850 2282 divinae,
880 2224 947 2267 non
971 2200 1125 2268 fraternae
1150 2201 1273 2290 pietati,
1305 2200 1361 2268 sed
1383 2199 1551 2269 titillationi

178 2327 290 2370 sensus
315 2304 422 2372 datum
447 2307 633 2394 intelligent,
658 2307 870 2374 inhumaniter
894 2306 1009 2374 factum
1028 2330 1142 2375 omnes
1166 2305 1356 2389 iudicabunt,
1380 2320 1483 2395 spreta
1505 2321 1553 2375 tot

178 2433 336 2478 annorum
361 2411 445 2478 thori
468 2415 555 2480 socia
579 2413 695 2480 femina
720 2413 889 2480 clarissima
914 2426 945 2481 et
969 2414 1240 2494 innocentissima,
1265 2413 1351 2480 alteri
1373 2413 1553 2494 adhaerere,

178 2539 251 2582 cum
276 2540 337 2606 qua
354 2541 412 2584 nec
435 2517 583 2602 humana,
609 2543 667 2587 nec
684 2518 788 2588 divina
804 2521 988 2608 permittant
1011 2521 1076 2588 iura
1093 2519 1283 2602 cohabitare,
1307 2539 1450 2608 suscepta
1467 2543 1554 2608 prae-

177 2625 287 2690 sertim
318 2637 349 2690 et
372 2627 538 2711 superstite
567 2649 605 2692 ex
629 2631 683 2693 ea¹
707 2637 812 2693 tantae
840 2625 955 2694 indolis
987 2638 1018 2693 et
1041 2628 1108 2714 spei
1132 2624 1208 2708 filia,
1238 2638 1366 2694 naturae
1396 2640 1425 2694 et
1457 2627 1552 2692 animi

179 2727 306 2794 dotibus
336 2732 544 2798 ornatissima.
595 2733 678 2799 Nam
710 2731 816 2821 quoad
848 2731 1112 2819 impedimentum
1146 2757 1183 2799 ex
1215 2731 1315 2800 fratris
1347 2733 1553 2800 matrimonio

178 2847 299 2918 natum,
324 2835 397 2903 illud
421 2838 482 2903 iam
506 2836 661 2904 sublatum
680 2857 726 2904 est
749 2837 922 2926 apostolica
946 2837 1197 2926 dispensatione3
1228 2838 1315 2927 quod
1331 2840 1357 2906 si
1382 2838 1553 2906 deterreret

179 2941 377 3008 Maiestatem
402 2943 497 3010 Suam
521 2968 538 3010 a
562 2946 769 3011 matrimonio
793 2942 976 3011 huiusmodi
1000 2956 1087 3012 actus
1111 2943 1271 3032 legitimus
1296 2958 1326 3013 et
1351 2969 1388 3012 ex
1412 2945 1553 3031 legitima

179 3046 292 3133 copula
316 3047 500 3116 subsecutus
525 3073 597 3117 cum
622 3049 729 3132 fratre,
753 3049 898 3119 videlicet
921 3053 1072 3118 Arcturo:
1105 3073 1159 3118 cur
1184 3052 1284 3136 magis
1315 3073 1381 3117 non
1406 3052 1554 3118 avertitur

179 3152 217 3218 ab
242 3152 315 3235 hoc,
339 3153 425 3242 quod
450 3179 487 3222 ex
512 3168 582 3222 actu
605 3154 775 3223 fornicario
800 3167 831 3224 et
858 3155 1025 3243 illegitimo
1050 3156 1178 3224 resultat
1200 3176 1232 3223 et
1256 3179 1294 3224 ex
1317 3155 1400 3225 facto
1424 3157 1553 3244 proprio

180 3259 277 3346 ipsius
300 3261 382 3347 regis
407 3274 534 3328 enatum
558 3263 623 3329 est?
669 3263 738 3329 Nec
762 3261 856 3329 refert
880 3263 912 3328 in
934 3262 1008 3343 hoc,
1032 3261 1118 3350 quod
1135 3264 1205 3350 quis
1229 3261 1321 3345 dicat,
1346 3261 1554 3350 impedimen-

180 3383 259 3446 tum,
284 3365 369 3454 quod
394 3377 442 3433 est
470 3390 543 3434 cum
572 3369 697 3455 regina,
728 3391 796 3434 esse
826 3391 864 3434 ex
888 3367 1031 3454 legitimo
1061 3379 1132 3435 actu
1163 3387 1193 3435 et
1223 3369 1438 3450 matrimonio,
1467 3367 1554 3456 quod

180 3492 257 3538 vero
286 3484 334 3539 est
362 3495 434 3539 cum
463 3471 640 3561 designata,
670 3497 739 3541 esse
769 3485 891 3541 tantum
921 3497 960 3540 ex
988 3492 1058 3540 actu
1086 3472 1266 3541 fornicario.
1313 3474 1382 3541 Iura
1412 3474 1498 3541 enim
1524 3485 1554 3540 et

182 3578 258 3644 sacri
276 3600 415 3646 canones
432 3579 463 3645 in
480 3579 542 3646 hoc
559 3579 675 3646 nullam
691 3579 809 3648 faciunt
822 3579 1029 3648 differentiam
1043 3579 1148 3668 quoad
1164 3580 1430 3667 impedimentum
1448 3579 1554 3646 huius-

183 3682 281 3750 modi.
327 3685 438 3773 Aeque
462 3687 546 3752 enim
576 3685 707 3773 impedit
731 3687 969 3753 matrimonium
1000 3686 1061 3753 hoc
1085 3704 1178 3774 atque
1207 3684 1290 3752 illud.
1338 3684 1438 3767 Quod
1465 3687 1492 3751 si
1515 3709 1554 3752 ex

183 3800 268 3875 parte
293 3791 376 3877 regis
404 3790 443 3859 ad
466 3792 528 3858 hoc
552 3791 681 3874 dicatur,
710 3791 796 3882 quod
825 3792 862 3859 ab
886 3790 1068 3859 huiusmodi
1098 3791 1328 3879 impedimento
1353 3811 1400 3859 est
1429 3791 1554 3879 dispen-

183 3913 281 3978 satus,
313 3897 354 3962 ita
377 3896 463 3985 quod
495 3921 561 3964 non
590 3897 752 3980 obstante,
780 3897 867 3987 quod
896 3899 1084 3985 cognoverit
1113 3921 1208 3964 unam
1236 3899 1420 3980 mulierem,
1448 3911 1554 3985 potest

183 4019 288 4068 tamen
318 4001 400 4068 licite
424 4004 610 4071 contrahere
639 4027 711 4070 cum
741 4005 807 4070 eius
836 4027 961 4071 sorore:
991 4003 1235 4091 responderem,
1265 4005 1296 4070 in
1326 4005 1388 4071 hoc
1417 4005 1555 4071 maxime

183 4106 355 4174 Maiestatis
379 4108 459 4176 Suae
486 4109 686 4197 prudentiam
712 4112 827 4178 versari
856 4108 986 4192 debere,
1019 4130 1051 4177 ut
1074 4109 1156 4176 bene
1184 4108 1372 4198 perpendat,
1401 4121 1553 4198 quantum

184 4212 383 4280 tenebrarum
408 4215 484 4282 haec
508 4215 633 4284 allatura
657 4217 721 4283 sint
744 4216 873 4283 claritati
897 4217 1037 4282 nominis
1061 4217 1124 4296 sui,
1153 4227 1221 4282 tum
1246 4216 1332 4304 quod
1356 4218 1388 4282 in
1412 4215 1554 4284 fraudem

183 4319 425 4409 quodammodo
448 4324 620 4409 praesentis
645 4323 839 4389 matrimonii
854 4320 969 4389 dictam
994 4320 1262 4409 dispensationem
1286 4324 1500 4409 impetraverit
1524 4337 1555 4390 et

183 4439 352 4515 antequam
376 4426 415 4495 de
433 4426 588 4496 validitate
612 4430 678 4494 eius
703 4429 868 4515 cognitum
892 4429 942 4508 sit,
966 4440 1033 4494 tum
1051 4427 1138 4516 quod
1162 4426 1245 4494 nulla
1269 4429 1364 4495 etiam
1388 4426 1555 4516 probabilis

184 4535 263 4600 ratio
280 4533 396 4614 subest,
421 4557 475 4599 cur
492 4532 605 4600 eodem
631 4533 861 4622 impedimento
878 4535 1031 4601 existente
1047 4533 1121 4601 velit
1146 4534 1226 4600 hanc
1241 4532 1410 4615 dimittere,
1434 4547 1468 4602 ut
1484 4558 1554 4602 eam

185 4639 292 4720 ducat;
325 4638 411 4727 quod
435 4641 460 4704 si
484 4639 523 4706 de
540 4662 623 4708 nova
647 4638 882 4727 dispensatione
905 4639 1109 4706 laborandum
1128 4653 1203 4722 erat,
1227 4637 1387 4727 agendum
1412 4641 1556 4708 hocerat

186 4748 286 4832 magis
309 4769 368 4833 pro
390 4745 609 4813 conservando
633 4758 682 4813 tot
704 4768 861 4812 annorum
887 4757 917 4812 et
942 4744 1154 4813 nobilissimae
1179 4744 1314 4812 feminae
1337 4749 1555 4829 matrimoni0,

185 4891 370 4899 ——---
386 4893 394 4897 .

293 4984 302 5013 ¹
322 4973 383 5030 Von
403 4975 448 5029 der
467 4986 555 5029 ersten
575 4975 666 5030 Gattin
685 4975 836 5043 Katharina.
