3810 5528
204 254 269 314 Acta
289 245 489 313 consistorialis.
1510 233 1573 304 205

204 435 349 473 ueruurrru
369 419 396 470 iu
414 419 460 472 cler
480 413 743 490 Auseiuaadersoige;
769 411 803 470 da
822 411 882 470 aber
900 413 941 470 dir
961 413 1108 489 Datierung
1127 416 1218 471 immer
1240 411 1369 488 beigefrlgt
1388 415 1427 481 isl,
1451 413 1575 470 heristal

203 509 282 562 dieser
295 507 434 576 Miisslanrl
452 507 532 560 leicht.
571 507 685 560 Dirsellra
697 505 813 576 Fassuug
830 505 890 559 steht
904 506 966 558 auclr
985 508 1013 558 iu
1026 507 1095 559 riaer
1112 506 1291 577 sorgsaltigru,
1310 505 1377 557 nicht
1390 505 1444 558 viel
1460 510 1574 577 spatereu

204 595 329 666 Absrlrrijt
353 598 379 648 ia
406 595 481 649 Arrlr.
507 595 585 648 Vatia.
610 595 689 648 Varia
715 595 878 648 Politicoruru
902 596 953 647 vol.
977 595 1020 661 46,
1037 595 1063 664 s.
1085 611 1135 665 109
1153 612 1187 665 sq.
1225 594 1301 646 Diesr
1325 595 1411 662 paritr
1434 593 1574 647 Redalrtr'ou

203 691 301 736 slummt
320 701 371 736 arou
390 684 435 734 der
457 682 534 736 Haud
552 683 597 736 ries
608 685 753 752 jurueiligru
775 681 941 736 Camerarius
958 684 1027 734 sarri
1044 683 1154 752 collegii,
1172 683 1218 734 dar
1236 684 1282 733 mil
1302 681 1400 751 Brgiuu
1420 685 1485 735 eines
1499 681 1574 751 jadau

203 772 287 840 Julrres·
305 771 438 825 wrelrsrltr.
471 771 525 824 Fur
542 773 588 825 das
600 771 663 840 Jahr
677 787 746 841 1529
763 789 821 824 strar
835 771 1001 823 Camerarius
1019 771 1065 822 der
1083 772 1180 840 eirrrigr
1198 788 1249 822 uara
1269 769 1389 823 Hadrr'au
1408 769 1430 822 l'
1431 769 1448 822 I.
1469 771 1575 822 Irrirrle

203 860 342 922 Kardiual,
365 859 481 912 Wilhrlrn
503 859 671 924 Errkrrtvorrl,
686 859 737 929 sur
759 861 806 913 das
823 859 886 928 Jalrr·
907 875 974 926 1530
996 859 1042 910 dar
1066 858 1147 911 Κανά.
1169 858 1281 911 Auianio
1305 875 1355 910 vau
1380 857 1431 912 Suu
1452 857 1574 910 Scerriuo

203 969 226 1002 u.
244 967 262 1002 s.
282 966 315 1002 ru.
354 949 407 1000 Aras
424 949 506 1001 dieser
524 950 627 1018 pruritur
647 947 761 1017 Fassuug
780 947 885 1000 rturrdru
905 965 923 1000 s.
944 947 973 1000 Z.
992 947 1044 1016 uras
1059 946 1145 1016 Besrhl
1165 946 1275 1018 Philipps
1290 945 1324 999 II.
1344 963 1394 998 uou
1416 945 1525 1018 Spauieu
1544 965 1574 1014 au

203 1037 265 1092 Iloua
285 1037 401 1108 Ausuaga
417 1037 541 1107 geataclrt,
560 1037 601 1089 dic
619 1037 671 1090 sich
687 1038 713 1089 iu
732 1037 781 1088 cleu
796 1035 924 1088 Archiam
943 1053 994 1088 arou
1015 1034 1150 1088 Simanltas
1164 1033 1309 1104 uorsaudeu
1328 1035 1381 1086 uad
1399 1035 1468 1086 dauu
1488 1037 1514 1087 iu
1533 1035 1576 1087 dir

203 1125 342 1196 englischrn
357 1126 538 1196 Sammluugrn
557 1127 603 1178 der
622 1124 718 1178 Letlers
737 1125 789 1177 arud
804 1123 946 1178 Calendars
963 1125 1157 1194 ribrrgrgangru
1175 1123 1242 1176 siud.
1274 1120 1358 1192 Vrrgl.
1378 1141 1398 1191 a.
1414 1122 1443 1175 B.
1463 1123 1575 1186 Brauer,

205 1214 247 1268 IV.
268 1233 292 1268 u.
312 1215 390 1285 6772,
414 1213 441 1267 V.
462 1233 485 1268 u.
505 1231 564 1283 234.
604 1213 640 1266 Im
661 1211 805 1284 Fulgeudru
824 1215 855 1266 ist
873 1213 915 1266 die
934 1212 1074 1266 Redalrtr'aa
1094 1211 1136 1263 des
1154 1210 1325 1279 Vicrlraualrrs
1343 1213 1390 1262 mil
1410 1210 1451 1274 A,
1474 1211 1516 1263 dir
1533 1213 1575 1264 des

206 1301 371 1355 Camerarius
390 1301 467 1371 (Cori.
487 1301 567 1355 Vatr'r.
589 1303 667 1371 3457)
688 1303 734 1353 mil
754 1301 775 1352 B
793 1299 936 1368 bereirlruet.

879 1477 902 1543 Ι.

308 1604 369 1671 Die
382 1603 464 1669 VIII.
482 1602 559 1669 iunii
580 1603 672 1686 1528.
711 1602 746 1667 ln
765 1603 889 1669 civitate
901 1599 1035 1668 Viterbii
1052 1601 1084 1666 in
1101 1601 1293 1668 consistorio
1310 1611 1434 1668 secreto
1450 1600 1575 1668 suerunt

206 1711 297 1778 creati
320 1708 385 1777 duo
409 1709 513 1796 legati,
538 1707 648 1776 Rmus.
671 1707 865 1795 Campegius
887 1730 944 1795 per
968 1705 1116 1794 Angliam
1141 1725 1172 1774 et
1196 1707 1306 1776 Rmus.
1332 1707 1497 1775 Famesius
1520 1730 1576 1795 per

206 1815 334 1884 Urbem.
381 1815 438 1905 (A.
462 1814 482 1882 f.
510 1812 600 1904 154.)

307 1921 369 1988 Die
391 1923 516 1989 veneris
541 1920 629 1987 XVI.
655 1919 717 1986 iulii
747 1939 828 2004 1529
857 1919 915 1986 fuit
943 1921 1151 2007 congregatio
1181 1921 1212 1986 in
1244 1920 1317 1988 loco
1347 1933 1514 2002 consueto,
1544 1921 1574 1986 in

206 2051 263 2117 qua
286 2026 324 2094 ad
348 2026 535 2094 relationem
559 2025 642 2094 Rmi.
666 2027 859 2092 Anconitani
887 2024 946 2093 fuit
968 2027 1131 2114 proposita
1154 2049 1246 2094 causa
1269 2027 1446 2094 Britannica
1470 2027 1576 2093 matri·

206 2135 303 2200 monii
328 2136 542 2220 interregem
568 2145 599 2200 et
619 2133 774 2219 reginam,
799 2145 830 2200 et
853 2131 909 2200 luit
933 2133 1153 2214 commissum,
1178 2132 1264 2222 quod
1282 2131 1464 2222 expediatur
1487 2154 1576 2200 corn-

205 2241 313 2308 missio
336 2240 534 2308 revocatoria
557 2238 596 2306 ad
621 2239 760 2306 Curiam.
808 2237 866 2328 (A.
891 2237 910 2305 i.
941 2239 1029 2328 163.)

307 2347 369 2414 Die
391 2347 516 2414 veneris
532 2345 620 2412 XVI.
645 2344 709 2412 iulii
734 2364 814 2431 1529
838 2345 895 2413 fuit
919 2347 1128 2434 congregatio
1151 2345 1306 2432 generalis
1330 2345 1395 2413 RR.
1413 2344 1486 2410 DD.
1512 2367 1575 2411 car-

205 2453 352 2521 dinalium
377 2453 430 2520 lite
447 2450 607 2540 pendente
631 2453 663 2518 in
683 2449 819 2540 partibus
844 2453 924 2518 inter
940 2451 1098 2519 Sermum.
1115 2451 1289 2518 Henricum
1307 2449 1440 2538 Angliae
1463 2471 1574 2537 regem

205 2572 234 2627 et
257 2559 410 2628 Sermam.
428 2559 545 2626 Dnam.
570 2560 636 2626 eius
657 2581 789 2626 uxorem
814 2580 907 2645 super
923 2557 1061 2624 divortio
1077 2580 1132 2624 seu
1156 2557 1354 2645 separatione
1370 2557 1574 2623 matrimonii.

205 2664 396 2733 Ordinatum
424 2665 482 2732 luit
509 2666 650 2732 unanimi
678 2675 756 2731 voto
786 2664 931 2730 omnium
960 2663 1026 2731 RR.
1052 2662 1137 2743 DD.,
1166 2661 1251 2752 quod
1281 2685 1372 2729 causa
1401 2662 1575 2730 advocetur

205 2785 234 2840 et
257 2773 474 2840 committatur
498 2772 530 2838 in
550 2771 632 2840 Rota
655 2769 818 2838 referenda
842 2792 898 2858 per
914 2771 1029 2836 Rotam
1055 2769 1121 2837 RR.
1138 2768 1211 2835 DD.
1237 2766 1442 2835 cardinalibus
1467 2780 1498 2835 et
1521 2763 1575 2834 de-

204 2901 295 2967 super
319 2879 461 2965 signetur
485 2877 681 2945 commissio.
729 2877 780 2966 (B.
806 2875 825 2944 f.
853 2874 966 2966 262.)ς

307 2985 473 3051 Bononiae
501 2982 552 3050 die
581 2983 669 3050 XVI.
698 2983 841 3050 februarii
870 3003 962 3069 1530.
1010 2980 1178 3049 Referente
1201 2980 1296 3049 Rmo.
1322 2980 1500 3068 Campegio
1525 3002 1575 3048 ce·

203 3089 298 3158 dente
322 3091 418 3159 Rmo.
447 3089 636 3157 Eboracensi
660 3089 809 3158 ecclesiae
837 3087 1047 3156 Dunelmensi
1071 3089 1103 3153 in
1128 3086 1273 3154 manibus
1292 3086 1470 3154 Sanctitatis
1494 3086 1574 3153 Suae

203 3196 240 3263 ad
263 3196 525 3284 supplicationem
549 3196 632 3283 regis
650 3195 783 3283 Angliae
806 3193 862 3261 fuit
885 3195 1049 3282 provisum
1074 3191 1112 3259 de
1136 3215 1272 3279 persona
1295 3192 1425 3261 Ruberti
1444 3193 1573 3261 Dustar-

204 3301 275 3370 dam
300 3301 483 3391 (Cuthberti
507 3300 682 3390 Tunstall).
730 3299 786 3390 (Α.
810 3300 831 3367 f.
859 3300 947 3390 171.)

309 3408 431 3476 Romae
448 3407 498 3475 die
514 3409 639 3475 veneris
660 3408 717 3473 IX.
735 3406 911 3474 decembris
931 3427 1013 3493 1530
1037 3406 1094 3474 fuit
1111 3407 1241 3472 consist.
1259 3418 1426 3473 secretum.
1462 3405 1576 3473 Lectae

203 3514 329 3582 fuerunt
352 3514 471 3581 litterae
495 3515 607 3581 Sermi.
632 3515 715 3600 regis
739 3513 873 3601 Angliae
896 3535 951 3600 per
974 3513 1105 3580 Rmum.
1130 3511 1170 3578 de
1195 3510 1277 3579 Cibo
1301 3534 1391 3578 sacro
1415 3510 1481 3580 RR.
1502 3512 1574 3578 DD.

203 3641 351 3689 meorum
375 3618 512 3706 collegio
536 3619 688 3700 directae,
717 3618 828 3708 quibus
852 3618 1077 3684 instantissime
1101 3618 1195 3705 petit,
1225 3627 1259 3684 ut
1283 3616 1380 3684 velint
1407 3615 1575 3704 suffragare

204 3749 277 3795 suae
301 3726 457 3814 petitioni,
474 3749 569 3814 quam
594 3724 667 3792 lecit
684 3725 846 3792 Sancttno.
863 3724 904 3791 D.
922 3725 963 3790 N.
984 3722 1023 3790 de
1041 3723 1202 3790 creatione
1219 3720 1354 3789 duorum
1373 3721 1575 3789 cardinalium

203 3832 348 3901 videlicet
372 3833 437 3901 RR.
455 3832 647 3921 Hieronymi
672 3833 754 3920 eppi.
768 3831 1014 3916 Wigorniensis,
1038 3827 1190 3896 auditoris
1208 3851 1350 3895 camerae
1374 3827 1576 3916 apostolicae,

204 3951 235 4006 et
256 3939 491 4027 prothonotarii
515 3938 644 4020 Casalis,
669 3960 799 4005 suorum
825 3950 988 4005 oratorum
1012 3938 1044 4003 in
1069 3936 1164 4003 Curia
1188 3936 1246 4002 ista
1270 3947 1302 4002 et
1326 3932 1408 4022 apud
1431 3945 1575 4000 senatum

205 4045 377 4128 Venetunt,
401 4057 432 4112 et
448 4046 542 4112 etiam
567 4044 750 4112 exhortatur
767 4043 889 4124 Rmus.,
913 4041 999 4131 quod
1022 4044 1055 4109 in
1079 4054 1212 4110 tractatu
1228 4042 1320 4109 huius
1343 4040 1464 4127 negotii
1479 4041 1576 4108 velint

203 4165 276 4218 vota
299 4173 355 4219 sua
378 4150 452 4218 dare
475 4154 508 4217 in
531 4150 675 4218 favorem
699 4149 931 4239 praedictorum
958 4148 1006 4214 vel
1030 4148 1140 4216 saltem
1165 4171 1224 4237 pro
1241 4147 1339 4215 altero
1360 4169 1398 4213 ex
1415 4148 1459 4214 eis
1482 4145 1576 4212 aSua

204 4257 374 4327 Sanctitate
398 4255 608 4338 nominando,
633 4255 820 4324 adducendo
837 4254 953 4342 aliquas
976 4255 1126 4336 rationes,
1151 4273 1281 4343 propter
1300 4276 1376 4342 quas
1400 4275 1466 4319 non
1483 4249 1576 4318 debet

204 4364 259 4451 ipsi
284 4363 350 4450 regi
367 4361 516 4450 denegari
541 4365 597 4430 ista
615 4363 749 4430 honesta
772 4361 892 4451 petitio.
932 4359 1099 4441 Quoniam
1123 4361 1149 4428 si
1172 4359 1365 4447 denegatur,
1381 4379 1448 4424 non
1472 4368 1577 4445 potest

204 4467 270 4537 fieri
294 4469 354 4534 nisi
371 4493 443 4536 curn
467 4470 604 4536 maxima
628 4470 723 4556 ipsius
745 4469 866 4549 iniuria,
891 4490 964 4534 curn
981 4466 1020 4533 ad
1044 4467 1223 4533 instantiam
1248 4464 1382 4531 aliorum
1399 4464 1575 4552 principum

204 4576 265 4643 sint
288 4576 383 4642 creati
407 4574 607 4664 quamplures
631 4574 802 4642 cardinales
826 4572 989 4640 mensibus
1012 4574 1157 4661 proxime
1174 4570 1323 4638 decursis.
1362 4569 1401 4636 Et
1424 4570 1575 4659 quoniam

205 4682 371 4768 negotium
396 4682 572 4769 estmagni
597 4680 766 4760 momenti,
791 4699 822 4746 et
846 4697 933 4746 erant
958 4677 1104 4745 absentes
1128 4677 1220 4766 aliqui
1244 4700 1282 4744 ex
1301 4675 1368 4744 RR.
1388 4675 1461 4741 DD.
1486 4676 1577 4756 meis,

312 4901 319 4930 ¹
339 4893 364 4948 S.
385 4893 453 4947 oben
474 4894 520 4948 ΝΥ.
542 4893 583 4948 26.
693 4900 703 4929 ‘²
722 4893 746 4947 S.
768 4891 837 4944 oben
858 4891 903 4945 Nr.
923 4891 965 4946 61.
