3782 5532
146 299 209 378 1528
227 299 311 380 April.
1470 291 1511 356 29

143 467 312 536 Hiberniae
341 491 414 536 cum
442 468 601 535 carissima
629 466 662 534 in
686 464 815 535 Christo
844 461 907 533 filia
934 477 1043 533 nostra
1071 463 1241 534 Catheriua
1269 465 1393 554 regina,
1422 467 1512 536 Sedis

143 574 346 663 Apostolicae
370 573 604 664 dispensatione
619 584 793 662 praetensa,
817 573 1011 639 contraxisse
1028 583 1059 639 et
1075 595 1280 640 consumasse
1304 571 1512 660 dignoscitur,

143 681 304 747 subortam
321 703 422 768 nuper
437 682 469 746 in
486 673 623 769 partibus
639 677 697 746 illis
713 679 944 768 quaestionem,
958 701 1037 766 quae
1053 678 1125 745 licet
1141 679 1174 744 in
1189 678 1349 767 publicum
1363 680 1513 748 ecclesiae

143 786 292 854 iudicium
316 785 450 854 deducta
473 787 624 854 hactenus
648 808 715 853 non
739 784 841 865 fuerit,
863 807 974 852 causae
996 803 1104 852 tamen
1127 795 1192 852 tam
1217 787 1325 873 magni
1348 788 1514 876 gravisque

144 894 302 960 momenti
326 895 441 976 exitus,
464 891 610 960 videlicet
634 914 730 982 quern
759 891 874 958 iustitia
902 908 934 957 et
956 891 1095 980 aequitas
1124 888 1260 974 dederit,
1293 895 1417 960 animos
1445 895 1514 962 istic

143 1021 259 1065 omnes
280 1000 326 1066 sic
345 998 439 1066 habet
461 1022 643 1088 suspensos,
668 1016 701 1065 ut
718 998 853 1064 celerem
876 1019 912 1063 ac
935 1007 1090 1063 maturam
1111 994 1339 1065 diffinitionem
1368 1001 1514 1088 requirat,

144 1127 208 1171 non
232 1105 302 1172 sine
325 1106 466 1172 maximo
490 1102 672 1172 discrimine
695 1101 924 1192 protelandam.
971 1102 1056 1170 Corn
1075 1103 1179 1191 itaque
1201 1127 1274 1186 nos,
1304 1127 1385 1193 quos
1409 1104 1448 1173 ad
1472 1107 1516 1174 iu-

144 1212 260 1278 stitiam
283 1213 316 1277 in
340 1210 456 1280 iudicio
481 1222 513 1279 et
534 1211 664 1279 veritate
688 1208 837 1278 omnibus
859 1231 958 1297 aeque
981 1206 1280 1276 subministrandam
1304 1233 1429 1278 servum
1453 1233 1517 1278 ser-

145 1339 259 1384 vorum
282 1317 372 1384 Deus
396 1318 575 1399 constituit,
598 1314 671 1384 facti
693 1316 858 1384 veritatem
882 1338 938 1402 per
961 1337 1021 1381 nos
1044 1315 1131 1402 ipsos
1155 1315 1314 1405 inquirere
1337 1335 1368 1384 et
1391 1339 1516 1385 causam

144 1423 223 1490 hanc
248 1424 430 1490 examinare
457 1446 525 1490 non
548 1421 723 1505 valeamus,
748 1420 985 1489 considerantes
1008 1432 1184 1509 praeterea,
1212 1421 1298 1512 quod
1322 1422 1455 1507 factum,
1479 1448 1518 1492 ex

145 1551 207 1619 quo
231 1530 281 1598 ius
300 1531 411 1613 oritur,
434 1528 495 1596 illic
518 1530 632 1597 certius
655 1552 751 1618 quam
773 1529 835 1610 hic,
858 1546 927 1595 turn
944 1527 1038 1594 etiam
1062 1529 1152 1595 citius
1177 1527 1414 1619 expeditiusque
1441 1553 1518 1618 cog·

144 1636 234 1702 nosci
264 1637 397 1724 poterit,
429 1637 669 1724 cupientesque,
699 1635 884 1722 praesertim
915 1635 947 1700 in
977 1655 1079 1721 regno
1109 1632 1178 1717 iilo,
1209 1634 1285 1702 Sedi
1314 1635 1518 1724 Apostolicae

144 1764 272 1830 semper
294 1740 515 1824 devotissimo,
539 1763 673 1808 omnem
696 1739 932 1808 dissensionum
963 1741 1125 1806 materiam
1155 1741 1295 1828 extingui
1324 1753 1356 1810 et
1379 1740 1518 1810 dulcissi-

145 1872 234 1914 mum
258 1846 347 1914 illum
370 1849 455 1936 pacis
478 1848 659 1936 amorisque
682 1847 868 1914 intestinum
899 1857 1092 1913 concentum
1120 1843 1396 1937 felicissimamque
1419 1849 1518 1916 chari-

144 1953 215 2022 tatis
245 1952 445 2022 harmoniam
472 1953 592 2020 inultos
620 1954 682 2019 iam
711 1975 812 2019 annos
841 1963 1042 2020 constantem
1070 1954 1199 2020 retineri
1228 1976 1264 2020 ac
1292 1955 1324 2020 in
1353 1967 1518 2042 posterum

146 2061 329 2128 conservari
345 2059 524 2148 dictamque
548 2056 679 2148 perinde
702 2081 796 2146 super
811 2056 951 2146 praefato
973 2059 1179 2125 matrimonio
1196 2083 1322 2127 causam
1345 2061 1378 2126 in
1401 2059 1518 2128 iudicio

145 2167 262 2233 iustitia
291 2185 324 2234 et
346 2167 477 2234 veritate
506 2164 609 2234 decidi
636 2176 821 2258 certumque
851 2162 980 2231 firmum
1003 2162 1141 2231 validum
1170 2176 1201 2232 et
1229 2176 1404 2250 maturum,
1434 2166 1520 2256 quod

147 2273 286 2338 maxime
310 2270 446 2359 expedit,
469 2269 568 2338 finem
592 2271 713 2338 sortiri:
738 2270 1026 2358 circumspectioni
1049 2271 1182 2338 Vestrae
1205 2271 1244 2338 ad
1267 2270 1459 2342 audiendum
1483 2296 1520 2340 ea

147 2379 257 2445 omnia
282 2389 313 2445 et
336 2377 474 2465 singula,
497 2400 578 2468 quae
601 2375 675 2444 dicti
699 2377 893 2454 matrimonii
917 2377 998 2444 vires
1022 2376 1306 2466 dispensationisve
1329 2379 1522 2466 apostolicae

148 2486 364 2573 cuiuscunque
381 2507 488 2552 coram
505 2481 596 2551 vobis
618 2480 842 2571 producendae
865 2493 919 2549 aut
938 2481 1132 2551 exhibendae
1147 2482 1340 2568 validitatem
1360 2505 1413 2553 aut
1436 2487 1521 2554 inva-

147 2588 301 2659 liditatem
331 2591 533 2678 contingant,
562 2589 664 2678 deque
693 2601 724 2656 et
752 2610 845 2676 super
870 2587 1017 2655 omnibus
1045 2587 1104 2655 illis
1132 2611 1168 2656 ac
1191 2589 1256 2656 aliis
1285 2589 1522 2682 quibuscunque

149 2696 289 2764 materiis
312 2692 551 2781 allegationibus
576 2705 607 2761 et
631 2695 741 2777 causis,
766 2693 885 2762 dictum
908 2695 1148 2762 matrimonium
1176 2713 1229 2762 aut
1252 2695 1522 2786 dispeusatiqnem

150 2799 417 2870 concernentibus
441 2823 496 2868 seu
519 2799 722 2887 tangentibus
745 2797 1008 2888 cognoscendum
1037 2823 1165 2868 necnon
1188 2802 1220 2868 in
1245 2824 1337 2869 causa
1360 2801 1434 2871 dicti
1458 2828 1523 2872 ma·

150 2908 296 2975 trimonii
319 2917 351 2974 et
367 2905 530 2974 validitatis
554 2904 797 2995 dispensationis
814 2907 934 2974 vocatis
956 2905 1093 2994 partibus
1117 2910 1288 2975 summarie
1311 2920 1343 2977 et
1366 2908 1405 2978 de
1427 2910 1524 2999 plano

152 3015 219 3081 sine
252 3013 386 3101 strepitu
420 3032 451 3081 et
482 3011 583 3100 figura
614 3011 719 3080 iudicii
752 3011 1006 3102 procedendum,
1039 3011 1290 3101 dispensationes
1322 3038 1524 3106 quascunque

152 3118 343 3207 apostolicas
359 3136 453 3207 prout
472 3117 537 3186 illas
553 3116 669 3187 validas
688 3118 831 3188 efficaces
848 3130 880 3186 et
893 3117 1096 3201 sufficientes
1118 3119 1317 3203 invalidasve‚
1337 3121 1525 3206 inefficaces,

154 3228 258 3293 minus
282 3223 487 3307 sufficientes,
510 3224 707 3313 subreptitias
724 3225 774 3292 vel
790 3224 972 3314 obreptitias
995 3235 1048 3291 aut
1070 3225 1301 3315 aliquocunque
1324 3226 1425 3295 modo
1442 3253 1526 3298 ema·

154 3343 240 3400 natas
260 3331 457 3410 inveneritis,
479 3329 556 3398 tales
573 3327 638 3396 illas
664 3353 732 3398 esse
749 3342 781 3399 et
795 3329 902 3397 haberi
919 3329 1034 3398 debere
1049 3329 1327 3419 praeiudicandam
1344 3331 1526 3424 dictumque

155 3437 396 3506 matrimonium
425 3435 578 3519 similiter,
615 3437 641 3502 si
669 3435 706 3502 ab
737 3435 882 3503 alterutra
910 3448 998 3525 parte
1028 3448 1160 3524 petatur,
1190 3451 1286 3526 prout
1313 3440 1421 3508 animo
1450 3463 1526 3508 con-

157 3543 368 3631 scientiaeque
391 3560 513 3611 vestrae
541 3543 615 3608 iuris
643 3543 722 3610 ratio
750 3543 952 3630 persuaserit,
975 3541 1114 3610 validum
1142 3545 1260 3620 iustum
1290 3556 1322 3613 et
1348 3545 1527 3634 legitimum

158 3661 207 3719 aut
230 3648 360 3715 firmum
377 3671 457 3729 esse,
480 3661 533 3715 aut
549 3671 566 3714 e
583 3661 693 3715 contra
715 3645 887 3716 invalidum
908 3649 1059 3716 iniustum
1076 3661 1107 3716 et
1122 3649 1321 3736 illegitimum
1344 3651 1527 3742 nullumque

159 3753 250 3822 luisse
275 3766 307 3844 et
331 3777 414 3836 esse,
443 3776 502 3843 pro
525 3752 629 3821 valido
653 3755 736 3820 iusto
761 3765 791 3820 et
814 3751 919 3835 firmo,
943 3767 996 3821 aut
1019 3777 1036 3822 e
1060 3767 1170 3823 contra
1194 3755 1331 3824 invalido
1355 3759 1472 3826 iniusto
1497 3770 1529 3826 et

160 3860 324 3949 illegitimo
348 3859 499 3950 nulloque
522 3858 628 3927 haberi
651 3859 766 3927 debere
794 3855 1015 3928 diffiniendum
1042 3860 1298 3929 sententiantium
1323 3874 1355 3930 et
1381 3862 1529 3933 deciden-

161 3965 250 4050 dum,
279 3967 370 4033 acin
395 3976 546 4034 eventum
578 3964 820 4053 improbationis
849 3977 881 4033 et
908 3961 1127 4034 declarationis
1156 3966 1303 4036 nullitatis
1334 3971 1529 4038 matrimonii

161 4075 331 4140 summarie
357 4095 394 4139 ac
417 4069 458 4140 de
479 4070 574 4160 plano
602 4073 671 4139 sine
699 4073 831 4160 strepitu
859 4083 892 4139 et
913 4070 1014 4159 figura
1042 4071 1161 4155 iudicii,
1190 4085 1224 4141 ut
1247 4075 1429 4162 praefertur,
1458 4100 1530 4144 sen·

161 4181 290 4247 tentiam
314 4178 441 4246 divortii
464 4178 648 4247 iudicialiter
669 4176 906 4265 proferendum,
931 4175 1067 4268 denique
1089 4190 1154 4246 tam
1178 4180 1319 4248 Henrico
1343 4185 1410 4269 regi
1434 4206 1529 4273 quarn

163 4284 350 4354 Catherin-ae
371 4285 499 4372 reginae
514 4283 658 4373 praefatis
682 4282 721 4350 ad
736 4282 794 4351 alia
809 4294 883 4352 vota
905 4282 1137 4370 commigrandi
1161 4283 1319 4354 licentiam
1336 4289 1368 4354 in
1379 4289 1529 4356 Domino

163 4401 194 4458 et
215 4389 394 4459 facultatem
417 4389 630 4473 tribuendum,
654 4389 743 4456 vobis
767 4391 962 4468 coniunctim
987 4401 1017 4458 et
1041 4389 1139 4458 altero
1161 4410 1302 4460 vestrum
1325 4393 1455 4460 nolente
1478 4407 1531 4462 aut

162 4496 315 4584 impedito
344 4495 469 4564 divisim
497 4498 573 4564 citra
600 4520 733 4564 omnem
765 4519 919 4584 personae
947 4509 1000 4564 aut
1027 4495 1251 4564 iurisdictionis
1279 4497 1411 4585 gradum
1440 4502 1531 4566 omni

161 4603 360 4670 recusatione
385 4619 415 4668 et
439 4601 648 4690 appellatione
671 4605 802 4670 remotis
825 4605 909 4671 vices
933 4614 965 4671 et
989 4625 1121 4670 omnem
1146 4605 1365 4671 auctoritatem
1388 4617 1531 4673 nostram

163 4709 394 4776 committimus
421 4720 454 4775 et
474 4706 703 4775 demandamus
726 4731 847 4797 vosque
862 4711 970 4777 ‘etiam
995 4707 1190 4777 coniunctim
1215 4722 1246 4778 et
1269 4709 1367 4777 altero
1391 4723 1532 4779 vestrum

163 4811 293 4882 nolente
308 4825 362 4881 aut
383 4813 540 4902 impedito
555 4812 680 4882 divisim
703 4833 737 4882 ut
756 4813 937 4903 praefertur,
961 4815 1000 4883 ad
1016 4839 1052 4882 ea
1068 4817 1186 4898 omnia,
1210 4839 1290 4905 quae
1307 4817 1346 4883 in
1363 4817 1419 4885 bac
1444 4840 1532 4885 corn-

163 4921 317 4992 missione
338 4921 555 5008 continentur,
579 4919 739 4988 dumtaxat
763 4920 947 5011 exequenda
971 4920 1166 5008 expedienda
1188 4946 1223 4990 ac
1247 4923 1371 5011 plenae
1385 4923 1532 5014 fiualique
