3842 5532
195 305 320 379 Anhang.
1502 293 1564 362 257

195 489 251 554 per
278 465 341 539 fare
370 465 489 535 acordo
519 477 565 534 tra
588 459 629 534 N.
659 463 795 554 Signore
824 478 855 536 et
885 459 1080 556 Imperatore
1108 489 1163 555 per
1191 461 1223 536 lo
1247 458 1388 556 sdegn0‚
1419 469 1478 538 che
1503 471 1564 539 Sua

195 571 314 641 Santiu
337 573 376 639 ha
401 595 462 640 con
487 574 667 656 Venetiani,
691 586 723 640 et
746 572 868 662 voglia,
892 573 951 640 che
974 572 994 639 li
1017 575 1087 640 suoi
1112 576 1221 662 nepoti
1244 577 1375 642 tornino
1400 576 1509 662 grandi
1534 580 1565 644 in

195 679 335 761 Firenze,
359 701 425 744 non
451 679 489 745 ha
505 691 619 766 potnto
642 679 807 767 impedire,
831 680 889 748 che
913 703 980 747 non
1001 681 1184 768 procurinO,
1209 681 1267 748 che
1285 681 1403 763 evadis,
1428 683 1564 750 essendo

197 784 268 872 quel
292 808 325 851 re
348 783 624 852 desiderosissimo
655 806 687 853 et
715 804 857 854 amatore
886 785 965 853 della
993 809 1070 875 pace
1099 799 1130 855 et
1158 786 1361 855 affectionnto
1392 803 1511 877 quanto
1540 793 1565 856 si

197 911 290 977 possa
313 889 378 958 dire
402 915 419 958 a
441 891 483 958 N.
508 890 645 978 Signore
668 905 700 958 et
723 915 800 959 vero
824 891 992 960 defensore
1016 891 1095 960 della
1118 891 1200 960 Iede.

303 1014 354 1081 28.
378 1014 465 1080 Mtrz
493 1017 584 1100 1528.

406 1191 435 1246 L.
455 1207 477 1244 c.
497 1209 522 1262 p.
544 1191 601 1262 189.
638 1190 693 1244 Der
713 1190 826 1247 Bischos
840 1208 894 1244 von
913 1191 1024 1262 Pistoja,
1044 1191 1176 1246 Antonius
1196 1192 1288 1258 Pucci,
1310 1193 1390 1247 Neffe
1409 1195 1461 1248 und
1481 1201 1570 1268 spztter

302 1278 467 1350 Nachsolger
485 1279 532 1333 des
552 1279 806 1350 Grosspfinitentiars
826 1279 982 1334 Laurentius
1001 1280 1089 1346 Pncci,
1113 1281 1173 1334 kam
1192 1299 1234 1335 arn
1255 1282 1352 1335 letzten
1372 1281 1486 1338 Febrnar
1504 1287 1569 1353 1528

303 1386 345 1421 am
359 1368 557 1422 franzosischen
570 1367 641 1421 Hofe
653 1385 695 1434 an,
714 1386 759 1422 um
777 1370 825 1422 mit
839 1369 1030 1440 Einnr'lligung
1049 1369 1096 1422 des
1110 1369 1214 1440 Konigs
1229 1387 1281 1423 von
1295 1371 1354 1424 dort
1373 1373 1442 1426 nach
1455 1373 1570 1444 Spanien

303 1457 397 1510 weiter
420 1475 451 1510 zu
474 1457 569 1510 reisen.
606 1455 657 1509 Dte
682 1457 837 1526 engIschen
857 1457 1013 1512 Gesandten
1031 1473 1122 1511 waren
1146 1457 1258 1528 ansangs
1282 1477 1371 1530 gegen
1391 1460 1464 1514 diese
1483 1462 1569 1526 Reise,

303 1563 348 1598 um
373 1545 413 1598 sie
439 1544 499 1598 bald
527 1543 629 1610 darauf,
657 1543 789 1598 vielteicht
818 1562 867 1598 nur
892 1562 952 1598 zum
977 1545 1105 1611 Scheine‚
1131 1545 1194 1598 sehr
1219 1546 1297 1616 eisrig
1324 1565 1355 1600 zu
1381 1547 1570 1604 beffirwnrten.

304 1631 384 1686 Franz
405 1634 423 1688 1.
442 1633 495 1704 gab
513 1632 638 1686 indessen
657 1633 731 1686 seine
751 1631 941 1703 Einwilligung
959 1632 1045 1700 nicht,
1067 1633 1184 1688 sondern
1203 1632 1260 1686 liess
1280 1633 1341 1687 dem
1361 1634 1474 1689 Bischos
1489 1636 1571 1690 durch

304 1721 354 1775 den
373 1721 487 1775 Kanzler
505 1720 549 1774 Du
567 1721 628 1775 Prat
646 1721 673 1773 in
693 1720 756 1774 aller
774 1719 885 1774 SchtrIe
910 1721 1044 1774 erklriren:
1069 1721 1120 1774 che
1143 1721 1196 1775 Sua
1214 1721 1316 1775 Maestt
1341 1739 1396 1776 non
1420 1724 1499 1777 vuole
1524 1742 1572 1795 per

304 1811 401 1877 niente,
421 1810 471 1864 che
490 1810 549 1864 vadi
567 1810 593 1862 in
612 1810 762 1880 Hispagna;
791 1817 817 1862 et
837 1810 861 1862 la
880 1827 959 1863 causa
979 1813 993 1861 'e
1013 1827 1059 1880 per
1079 1826 1152 1864 esser
1171 1818 1253 1876 εει-10,
1273 1810 1322 1864 che
1342 1811 1464 1866 undando
1483 1815 1570 1867 subito

305 1899 326 1951 si
344 1899 464 1970 perderia
482 1899 490 1951 i
509 1898 614 1968 Signori
633 1898 787 1964 venetiani,
811 1897 955 1952 Fiorentini
975 1908 1001 1951 et
1020 1898 1095 1951 Dnca
1115 1897 1139 1950 di
1160 1897 1279 1963 Ferraru,
1299 1899 1332 1951 de
1352 1901 1420 1970 quali
1440 1901 1473 1954 ha
1492 1919 1570 1971 grun-

305 1987 414 2040 dissimo
433 1987 557 2058 bisogno,
577 1996 603 2041 et
622 2003 668 2057 per
687 1987 703 2038 il
723 1985 873 2040 medesimo
886 1988 997 2057 rispetto
1016 2003 1070 2040 non
1084 1985 1164 2040 vuole
1183 1987 1233 2039 che
1252 1987 1273 2038 si
1292 2003 1391 2040 muova
1411 2005 1458 2058 per
1476 1990 1572 2042 atcuno

305 2075 355 2128 che
379 2076 431 2129 Sua
456 2075 559 2129 Maestrt
585 2075 672 2145 sappi,
701 2074 799 2145 pratica
826 2074 851 2126 di
880 2073 1003 2140 accordo,
1033 2083 1058 2127 et
1085 2074 1135 2128 che
1162 2076 1206 2144 piu
1233 2084 1323 2145 presto
1350 2077 1429 2130 vnole
1455 2077 1571 2147 perdersi

306 2163 338 2216 N.
358 2163 471 2232 Signore
490 2174 517 2217 et
539 2161 557 2216 il
576 2179 604 2216 re
628 2161 824 2232 d'Inghilterra,
850 2162 900 2216 che
925 2170 1077 2234 permetter,
1103 2164 1152 2218 che
1179 2164 1200 2216 si
1224 2165 1294 2218 tratti
1321 2166 1437 2219 accordo
1460 2183 1570 2236 opace.

305 2250 346 2319 (L.
366 2269 388 2306 c.
407 2269 432 2321 p.
455 2251 512 2322 196.
549 2251 693 2304 Schreiben
717 2250 837 2305 Salviatis
856 2269 890 2305 nn
910 2251 1097 2305 sen1e11Vater
1115 2251 1225 2321 Jacob0,
1252 2267 1276 2317 4.
1296 2253 1369 2323 April
1392 2255 1479 2322 1528.)
1517 2255 1571 2308 Das

305 2328 406 2409 Ubrige
429 2339 494 2392 uber
517 2339 616 2410 Pistoja
639 2356 660 2394 s.
684 2341 726 2392 bei
751 2339 812 2393 dem
839 2340 983 2393 Schreiben
1003 2339 1187 2410 Campeggios
1213 2357 1276 2394 vom
1301 2341 1342 2395 26.
1363 2341 1484 2396 Oktober
1506 2344 1571 2410 1528

305 2428 375 2480 oben
394 2427 419 2480 S.
442 2443 481 2496 57.
501 2427 580 2481 Annr.
601 2442 626 2484 2.

858 2641 910 2723 X.

496 2818 546 2882 An
570 2815 713 2922 Jacoubo
737 2816 906 2884 Salviati.
955 2835 1005 2883 21.
1030 2817 1155 2900 August
1184 2817 1275 2900 1528.

307 2974 410 3046 Eisrr'ge
422 2975 602 3046 chrtbungen
622 2974 756 3028 Heinrichs
770 2975 840 3029 VIII.
859 2975 954 3028 sowohl
971 2976 1010 3028 tei
1028 2974 1114 3044 Fran(
1125 2975 1146 3028 1.
1166 2977 1204 3028 als
1222 2975 1261 3028 bei
1278 2975 1325 3027 den
1343 2972 1509 3027 Venetianern
1529 2993 1570 3027 run

203 3063 336 3134 thckgabe
354 3082 405 3118 von
425 3063 549 3118 Rauenna
570 3065 622 3116 und
642 3063 739 3116 Cervia
757 3063 837 3115 durch
855 3064 897 3116 die
915 3065 1031 3133 Ietzteren
1051 3064 1151 3116 auden
1171 3063 1253 3135 Papst.

308 3205 344 3271 Li
368 3205 487 3272 oratori
510 3204 660 3293 Inghilesi
684 3204 791 3270 hanno
815 3202 881 3271 fatti
905 3203 1145 3291 gagliardissimi
1169 3203 1266 3271 officii
1290 3206 1321 3272 in
1344 3203 1453 3272 favore
1476 3203 1506 3272 di
1530 3206 1570 3270 N.

203 3311 350 3397 Signore,
374 3322 405 3377 et
429 3309 479 3377 col
503 3310 751 3378 Cristianissimo
776 3322 807 3377 et
830 3333 946 3376 ancora
975 3333 1037 3378 con
1066 3309 1097 3377 lo
1121 3310 1346 3378 anrbnsciatore
1370 3311 1401 3378 di
1425 3311 1571 3391 Venetia,

203 3416 293 3484 achi
317 3416 424 3485 hanno
449 3415 537 3484 detto
566 3415 611 3482 fra
634 3416 661 3483 le
691 3416 767 3483 altre
792 3439 877 3497 cose,
909 3416 967 3483 che
991 3415 1012 3482 il
1034 3415 1105 3482 loro
1129 3439 1163 3483 re
1188 3420 1205 3482 t
1229 3439 1284 3504 per
1307 3414 1463 3504 spendere
1489 3429 1571 3483 tutto

203 3521 307 3612 quello
331 3523 390 3590 che
414 3523 462 3604 ha,
486 3521 602 3610 perche
624 3522 666 3589 N.
684 3523 819 3610 Signore
843 3521 871 3589 le
896 3522 995 3611 (terre
1020 3520 1050 3589 di
1069 3522 1220 3589 Ravenna
1244 3535 1275 3589 et
1291 3522 1418 3610 Cervin)
1442 3521 1572 3602 rihabbi,

203 3631 235 3694 in
259 3627 360 3696 modo
385 3627 443 3695 che
467 3629 634 3696 Venetiani
659 3649 743 3695 sono
767 3627 849 3696 forte
875 3629 1048 3716 impauriti,
1078 3628 1135 3695 che
1167 3641 1277 3695 contra
1300 3627 1370 3695 loro
1395 3651 1460 3695 non
1485 3631 1510 3695 si
1534 3629 1573 3694 ri-

203 3734 291 3803 solva
314 3748 422 3824 questu
446 3756 576 3820 guerra,
606 3745 636 3801 et
664 3735 688 3800 si
713 3732 808 3802 faccia
840 3757 901 3801 una
931 3757 1015 3802 nova
1038 3734 1107 3822 lega
1141 3733 1171 3802 di
1195 3734 1352 3824 Carnbray
1360 3762 1368 3816 3
1404 3739 1482 3822 pern
1513 3735 1573 3802 che

205 3841 407 3910 cominciano
431 3840 580 3908 inclinare
605 3862 623 3905 a
646 3838 801 3922 renderle,
826 3861 857 3908 et
881 3843 912 3907 io
937 3864 985 3923 su,
1010 3840 1069 3907 che
1093 3839 1113 3906 it
1136 3839 1261 3907 Serm0.
1286 3840 1433 3928 d'Anina
1457 3841 1496 3907 ha
1520 3841 1571 3907 ha-

204 3967 323 4016 vnroa
352 3945 434 4029 dire,
466 3944 593 4036 qnando
622 3947 722 4012 intese
754 3945 781 4013 la
812 3947 947 4035 risposta
977 3945 1051 4014 sarta
1078 3946 1106 4013 al
1130 3947 1186 4012 Dr.
1211 3946 1388 4035 Stephano:
1424 3949 1491 4012 sart
1520 3969 1574 4013 ne-

205 4055 341 4122 cessario
365 4051 429 4120 fare
453 4075 515 4119 una
538 4051 607 4138 lega
631 4064 742 4118 contra
765 4053 866 4141 questi
890 4051 1013 4134 ribaldi,
1043 4076 1136 4120 come
1161 4051 1193 4119 Iu
1217 4051 1293 4120 fatto
1317 4050 1393 4119 altre
1417 4050 1517 4134 volte,
1543 4073 1573 4118 er

204 4159 376 4248 castigarli3
402 4172 432 4228 et
455 4159 487 4226 lo
510 4157 737 4225 ambasciatore
760 4159 932 4241 Francese,
957 4159 1015 4227 che
1039 4161 1064 4224 si
1087 4161 1181 4226 trovb
1205 4171 1352 4246 presente
1376 4155 1433 4224 alle
1456 4156 1574 4244 parole,

203 4267 235 4336 1ο
260 4268 299 4334 ha
322 4267 442 4348 scritt0‚
466 4289 483 4332 e
508 4276 595 4332 certo
613 4267 641 4346 t,
665 4264 723 4331 che
740 4287 795 4352 per
818 4263 839 4330 il
858 4264 1106 4332 cristianissimo
1130 4287 1197 4331 non
1222 4266 1246 4330 si
1263 4263 1355 4331 lascia
1371 4263 1401 4330 di
1418 4261 1481 4329 fare
1500 4287 1573 4331 cosa

204 4374 325 4454 alcuna,
349 4371 464 4460 perche
488 4370 515 4437 ln
539 4371 740 4438 restitutione
763 4371 789 4436 si
812 4367 918 4437 faccia.

312 4517 363 4563 21.
388 4498 513 4583 August
541 4495 633 4579 1528.

416 4671 445 4727 1.
464 4689 486 4726 c.
506 4689 531 4742 p.
552 4685 611 4739 271.
648 4670 673 4723 S.
694 4669 763 4722 oben
783 4669 829 4724 Nr.
844 4683 876 4738 27
896 4668 947 4722 den
961 4667 1134 4723 Geleitsbrief
1150 4669 1189 4723 Itu
1202 4669 1331 4724 Gardnrer
1350 4687 1395 4723 zur
1414 4669 1492 4722 Reise
1507 4670 1576 4722 nach

310 4759 435 4830 Venedig
457 4759 510 4813 und
533 4775 628 4812 unsere
649 4758 852 4828 Bemerkungen
876 4757 949 4812 dazu.
988 4757 1029 4811 An
1054 4757 1127 4811 einer
1152 4758 1251 4811 andern
1274 4756 1355 4810 Stelle
1379 4756 1410 4826 (1,
1430 4774 1451 4811 c.
1472 4775 1496 4829 p.
1518 4757 1576 4820 260,

311 4851 335 4904 8.
349 4850 468 4920 August)
486 4847 616 4901 berichtet
635 4846 682 4900 der
696 4845 819 4900 Kardinal
839 4845 946 4899 Salviati
965 4846 1033 4899 nach
1053 4845 1251 4900 unmittelbarer
1263 4844 1414 4916 Mitteilung
1434 4845 1515 4899 durch
1535 4846 1576 4899 die

311 4938 444 5009 Regentin
458 4936 563 4998 Lonise,
577 4935 625 4989 uus
634 4935 676 4988 ne
690 4935 854 5004 dringtichen
863 4935 885 4986 V
889 4934 1072 5005 orstellungen
1086 4933 1132 4987 der
1146 4933 1341 4988 tranzusischen
1355 4932 1407 4986 und
1421 4934 1575 5002 englischen

260 5045 364 5096 Auses,
380 5042 506 5086 Rttrntnehe
523 5041 679 5088 unkrnnenn.
1422 5047 1442 5082 ιῑ
