3824 5532
223 317 290 383 1528
310 313 413 387 Jauuar.

824 498 885 580 16.
937 499 992 581 17.
1072 579 1076 588 .

234 651 330 739 Papst
354 651 534 720 Clemens
553 653 623 721 Vll.
648 678 687 721 an
710 652 860 722 Kardinal
882 654 1047 744 Wolsey.
1094 653 1243 737 Orvieto,
1268 655 1319 722 28.
1343 655 1457 740 januar
1484 657 1577 742 1528.

328 809 537 884 Recblsertigung
555 813 598 866 des
616 812 759 866 Kardinals
780 813 937 886 Camprggr'o
958 831 1041 886 gagen
1058 813 1304 884 Verddclrtigungen,
1326 813 1369 866 die
1387 814 1448 866 uber
1464 816 1594 870 densellren

220 899 248 949 r'n
262 897 385 968 Errgland
403 907 559 970 ausgestreut
576 900 689 954 worden.
722 901 844 973 Zugleicb
861 901 1036 974 vorqrtgliclres
1048 901 1160 974 Zeugnis
1169 902 1223 972 scir
1234 902 1277 954 die
1294 903 1420 973 allseitige
1438 902 1595 975 Tricbtiglreit

220 987 274 1040 und
287 987 505 1058 Zuverldsst'gkeit
522 989 564 1041 des
580 997 725 1058 genonnten
740 989 890 1044 Kardinols.
923 989 1019 1062 Eigene
1032 989 1216 1061 Verlrr'digung
1234 990 1276 1042 des
1291 989 1390 1062 Popsles
1408 1009 1495 1064 wegen
1513 995 1595 1046 seiner

220 1073 402 1147 Bermilrungen
421 1093 464 1128 um
482 1077 531 1128 den
549 1075 667 1131 Frieden.

328 1216 391 1283 Dil.
416 1215 459 1284 fili
482 1229 594 1285 noster
616 1218 669 1286 sal.
708 1218 929 1306 Superioribus
952 1217 1125 1300 mensibus,
1149 1241 1223 1287 cum
1240 1221 1377 1287 existens
1400 1231 1476 1288 tunc
1499 1223 1595 1290 etiam

222 1320 305 1410 apud
335 1345 395 1389 nos
425 1321 557 1390 dilectus
586 1321 668 1390 lilius
696 1323 834 1393 Ubertus
866 1325 905 1393 de
933 1323 1090 1392 Gambara
1120 1324 1238 1392 electus
1261 1324 1482 1394 Terdonensis
1513 1327 1595 1394 inter

222 1438 347 1495 ceteros
363 1450 540 1511 sermones,
553 1451 635 1518 quos
651 1428 817 1496 nobiscum
835 1433 968 1498 nomine
983 1433 1072 1500 istius
1088 1430 1201 1498 Senni.
1218 1433 1301 1519 regis
1318 1451 1349 1498 et
1361 1431 1451 1498 Tuae
1467 1454 1595 1522 quoque

223 1533 528 1622 Circumspectionis
558 1533 679 1618 habuit,
711 1537 937 1624 interrogasset
967 1559 1028 1603 nos
1058 1533 1239 1625 diligentius
1269 1560 1363 1626 super
1390 1537 1505 1606 dilecto
1529 1537 1594 1606 filio

222 1651 335 1707 nostro
352 1641 522 1710 Laurentio
540 1640 695 1710 cardinale
712 1642 891 1731 Campegio
915 1661 1023 1733 etqua
1045 1644 1072 1710 is
1088 1641 1151 1710 fide
1176 1665 1250 1731 erga
1272 1666 1332 1710 nos
1356 1644 1389 1710 in
1405 1643 1454 1711 his
1477 1645 1595 1712 nostris

222 1744 448 1814 calamitatibus
471 1771 504 1814 se
528 1749 671 1834 gesserit,
696 1761 728 1816 et
750 1772 815 1839 quo
839 1771 900 1816 nos
923 1770 998 1837 erga
1020 1747 1107 1816 illum
1131 1751 1239 1817 animo
1264 1761 1295 1818 et
1317 1748 1482 1818 voluntate
1512 1774 1595 1818 esse-

222 1875 311 1920 mus:
335 1875 411 1921 sane
434 1852 563 1943 quidem
586 1856 797 1943 proteritate
820 1853 909 1923 fateri
933 1853 1098 1923 debuimus
1123 1875 1153 1923 et
1176 1858 1282 1924 statim
1305 1853 1540 1944 respondimus,
1565 1869 1596 1924 et

222 1958 311 2026 illutn
340 1957 403 2027 fide
426 1957 522 2028 luisse
552 1961 701 2049 singulari
729 1973 760 2029 et
783 1984 844 2028 nos
875 1963 908 2028 in
932 1975 972 2030 e‘o
1001 1961 1139 2029 amando
1169 1984 1277 2050 parem
1309 1961 1349 2029 ad
1376 1961 1456 2028 illius
1485 1963 1596 2030 merita

222 2066 420 2133 voluntatem
442 2088 564 2154 gerere.
603 2066 704 2148 Quod
728 2079 874 2135 nostrum
896 2089 1099 2156 responsum,
1123 2069 1181 2135 etsi
1204 2069 1308 2156 ipsum
1325 2067 1481 2136 Ubertum
1505 2069 1595 2136 vobis

222 2173 345 2240 sincere
372 2171 515 2241 retulisse
546 2196 613 2240 nou
637 2172 838 2261 ambigimus,
866 2175 1018 2261 quoniam
1047 2191 1154 2241 tamen
1185 2173 1278 2242 nobis
1306 2185 1417 2262 postea
1446 2173 1526 2242 illius
1549 2176 1595 2241 in·

222 2280 448 2366 terrogationis
471 2303 580 2346 causas
603 2278 783 2368 diligentius
810 2279 995 2347 rimantibus
1019 2302 1055 2346 ac
1078 2278 1345 2368 perpendentibus
1374 2279 1595 2363 intelleximus,

223 2383 256 2452 id
278 2383 367 2474 quod
391 2384 540 2452 omnibus
569 2384 636 2454 fere
665 2386 697 2452 in
721 2385 800 2453 locis
823 2388 943 2468 evenit,
973 2409 1043 2454 esse
1067 2386 1161 2453 etiam
1190 2386 1274 2468 istic,
1302 2385 1356 2473 qui
1379 2384 1512 2452 aliorum
1535 2387 1596 2454 vir·

223 2489 341 2558 tutibus
360 2489 574 2560 obtrectantes
597 2503 710 2559 cuncta
733 2493 766 2558 in
782 2491 975 2560 deteriorem
998 2510 1121 2579 partem
1140 2490 1360 2580 detorqueant,
1384 2514 1494 2557 sumus
1517 2491 1596 2558 arbi·

224 2599 306 2678 trati,
331 2609 363 2664 et
381 2595 490 2664 officio
509 2595 639 2686 quidem
662 2598 844 2665 innocentis
868 2610 899 2666 et
922 2597 1114 2686 gratitudini,
1137 2619 1232 2686 quam
1257 2598 1377 2664 meritis
1400 2595 1475 2664 dicti
1498 2597 1596 2665 cardi·

223 2701 302 2770 nalis
318 2701 481 2785 debemus,
506 2725 694 2790 congruere,
717 2727 785 2770 non
801 2705 875 2792 pati,
899 2704 1096 2771 acalumniis
1120 2703 1257 2790 opprimi
1273 2705 1448 2771 veritatem.
1487 2703 1595 2794 Itaque

224 2807 298 2878 dicti
322 2808 434 2877 Uberti
456 2809 643 2877 relationem
667 2809 814 2897 subsequi
840 2809 889 2876 his
912 2811 1040 2891 nostris,
1063 2831 1254 2898 quamquam
1279 2809 1412 2876 minime
1435 2819 1469 2876 ut
1491 2831 1595 2898 spera·

224 2939 295 2984 mus
318 2917 502 2984 necessariis
524 2915 699 2998 voluimus,
730 2940 771 2983 ne
801 2914 875 3004 quid
904 2913 987 3003 apud
1010 2937 1069 2983 vos
1098 2914 1246 2982 alienoris
1277 2937 1351 3003 erga
1381 2914 1470 2982 illum
1498 2917 1595 2984 animi

224 3022 400 3096 immerito,
416 3019 687 3106 resideret,‚cum
720 3045 780 3089 uos
810 3019 901 3088 vobis
924 3022 1035 3089 iustius
1067 3031 1098 3088 et
1120 3022 1225 3088 verius
1248 3041 1394 3088 nostrum
1425 3021 1488 3090 hoc
1510 3024 1596 3091 testi·

225 3129 371 3195 monium
394 3125 562 3215 praebituri
586 3128 696 3210 simus,
720 3151 815 3216 quam
839 3128 891 3217 qui
916 3126 955 3194 dc
976 3125 1091 3194 eodem
1116 3126 1271 3194 cardinale
1295 3127 1376 3216 apud
1399 3151 1458 3195 vos
1482 3129 1596 3196 iniuste

225 3232 425 3302 detraxerint.
461 3232 621 3302 Nolumus
637 3235 724 3300 enim
736 3233 1066 3321 circumspectionem
1080 3233 1185 3301 Tuam
1202 3234 1390 3316 existimare,
1403 3257 1595 3324 quemquam

224 3351 256 3408 te
285 3358 316 3407 et
345 3341 441 3407 istum
464 3339 622 3408 Sermum.
652 3362 764 3427 regem
794 3338 909 3406 habere
939 3340 972 3406 in
1001 3339 1063 3406 hoc
1093 3341 1184 3406 omni
1211 3338 1435 3408 venerabilium
1465 3338 1594 3408 fratrum

225 3456 409 3513 nostrorum
434 3445 465 3512 S.
490 3445 527 3514 R.
551 3445 585 3512 E.
610 3445 814 3513 cardinalium
838 3443 986 3532 collegio,
1015 3444 1102 3534 quod
1125 3445 1242 3536 alioqui
1264 3445 1355 3513 vobis
1386 3469 1459 3535 prae
1489 3447 1596 3534 singu-

225 3551 337 3620 laribus
360 3553 472 3620 vestris
501 3574 575 3640 erga
598 3550 715 3618 Sedem
739 3550 960 3640 Apostolicam
984 3552 1106 3619 meritis
1128 3562 1234 3619 totum
1258 3563 1305 3619 est
1327 3551 1519 3634 obnoxium,
1543 3553 1595 3640 qui

225 3656 398 3727 devotione
414 3671 507 3748 atque
523 3656 722 3725 observantia
738 3679 813 3745 erga
827 3680 887 3725 vos
910 3657 961 3724 isti
977 3655 1124 3724 cardinali
1141 3657 1319 3745 Campegio
1336 3660 1460 3747 aequari
1485 3659 1594 3744 possit.

225 3765 430 3854 Quamquam
453 3764 529 3852 quid
550 3762 640 3832 vobis
664 3775 696 3830 et
719 3762 867 3830 omnibus
891 3774 939 3830 est
962 3763 1082 3846 clarius,
1106 3786 1202 3853 quam
1226 3761 1306 3829 illius
1329 3764 1453 3830 animus
1476 3774 1508 3830 et
1532 3786 1595 3830 ser-

224 3873 306 3941 vitus
329 3882 436 3938 vestro
460 3870 584 3937 nomini
608 3868 661 3936 diu
684 3870 748 3936 iam
771 3867 886 3952 dicata,
915 3892 987 3936 cum
1012 3870 1036 3935 is
1060 3880 1092 3936 et
1115 3867 1192 3936 locis
1217 3888 1249 3936 et
1273 3868 1358 3936 horis
1382 3868 1531 3936 omnibus
1555 3868 1594 3935 de

224 3979 337 4046 vestris
360 3975 613 4064 praeclarissimis
629 3973 795 4042 virtutibus
818 3972 996 4063 praedicare
1020 3997 1181 4064 nunquam
1202 3973 1366 4042 destiterit.
1405 3975 1512 4064 ltaque
1528 3997 1596 4042 non

225 4083 330 4150 minus
353 4083 386 4150 hi
409 4081 538 4172 quidem
561 4080 663 4164 vobis,
687 4104 780 4172 quam
805 4080 908 4149 eidem
933 4079 1080 4148 cardinali
1104 4081 1224 4148 inimici
1247 4079 1343 4148 fuisse
1362 4080 1519 4164 videntur,
1543 4083 1596 4171 qui

224 4189 392 4257 hominem
421 4211 458 4256 ea
479 4190 594 4257 virtute
622 4205 654 4256 et
676 4187 861 4255 auctoritate
888 4185 1065 4275 praeditum
1088 4185 1242 4276 vobisque
1273 4189 1365 4254 unice
1394 4185 1536 4255 deditum
1561 4210 1597 4255 ac

225 4294 379 4364 devotum
404 4312 560 4362 conentur
583 4317 600 4361 a
622 4305 726 4362 vestra
750 4293 923 4361 devotione
947 4311 1099 4375 avertere,
1124 4291 1210 4382 quod
1233 4307 1341 4362 tamen
1365 4316 1537 4381 numquam
1563 4305 1598 4360 ut

224 4401 370 4470 videmus
402 4412 618 4490 assequentur,
649 4422 722 4467 cum
751 4397 837 4468 idem
869 4397 1032 4467 cardinalis
1065 4397 1148 4466 nulla
1177 4397 1365 4487 indignitate
1398 4411 1451 4466 aut
1479 4398 1596 4465 horum

224 4508 449 4576 criminatione
475 4530 493 4574 a
515 4518 622 4575 vestro
653 4505 737 4573 cultu
761 4517 793 4572 et
816 4503 1014 4572 observantia
1037 4501 1150 4572 abduci
1173 4506 1283 4592 possit.
1329 4505 1396 4586 Qui
1420 4507 1445 4571 si
1470 4505 1502 4571 in
1526 4527 1597 4571 sen-

223 4615 332 4682 tentiis
355 4614 387 4680 in
404 4631 514 4680 senatu
538 4611 715 4700 apostolico
739 4609 880 4678 dicendis
903 4609 942 4678 ad
961 4613 1102 4701 quietem
1127 4629 1158 4677 et
1173 4609 1380 4678 concordiam
1403 4606 1597 4677 suadendam

224 4719 350 4790 videtur
376 4719 471 4786 fuisse
494 4720 694 4808 propensior,
723 4717 770 4784 his
795 4719 890 4785 etiam
917 4740 978 4785 nos
1002 4719 1034 4784 in
1058 4728 1180 4805 partem
1212 4716 1305 4783 huius
1330 4715 1438 4802 culpae
1461 4714 1597 4784 vocandi

224 4851 345 4910 sumus,
370 4827 422 4916 qui
439 4836 470 4893 et
485 4835 594 4892 natura
617 4825 755 4891 maxime
778 4823 873 4911 proni
896 4842 927 4892 et
943 4820 1051 4891 officio
1075 4845 1142 4890 non
1166 4821 1272 4889 minus
1289 4818 1445 4909 compulsi
1469 4821 1500 4888 in
1517 4821 1598 4889 hanc

225 4957 294 5004 rem
318 4932 445 5014 fuimus,
469 4954 563 5020 quam
588 4943 619 4998 et
635 4931 708 4998 Deo
730 4930 948 5017 omnipotenti
970 4939 1130 5016 acceptam
1148 4945 1180 4994 et
1196 4929 1317 4995 cunctis
1341 4925 1508 4994 salutarem
1529 4927 1598 4994 fore

1440 5051 1467 5094 πθ
