3782 5532
337 296 379 362 80
853 366 857 372 ,
1556 309 1610 369 Mai
1630 326 1704 386 1529.

335 468 461 538 volebat
483 467 623 539 indicere
646 469 797 554 inducias,
820 471 847 538 si
863 471 979 540 Caesar
1002 469 1138 554 volebat,
1163 482 1195 539 et
1218 470 1276 539 che
1300 473 1331 539 in
1352 485 1461 563 questa
1485 498 1576 541 causa
1600 476 1706 542 matri-

336 575 475 644 moniale
502 577 599 644 havea
627 579 758 666 rispetto
782 602 799 645 a
823 577 951 646 Cesare.
997 579 1033 645 lo
1056 577 1077 645 li
1105 577 1269 666 rispond0,
1299 579 1357 646 che
1381 591 1500 668 quanto
1528 579 1577 646 all'
1602 603 1706 648 essere

336 681 505 750 d'accordo
531 706 592 750 con
610 683 738 764 Cesare,
763 685 795 750 io
819 707 884 750 non
909 707 946 750 so
964 707 1038 751 cosa
1061 684 1181 766 alcuna,
1205 707 1256 750 ma
1276 685 1335 752 che
1359 707 1425 751 non
1449 707 1547 773 posso
1567 685 1706 769 credere,

336 788 395 856 che
411 788 473 855 Sua
489 788 608 857 Santita
632 791 676 856 sia
700 788 870 857 d'accordo
895 812 955 857 con
974 789 1082 878 obligo
1107 789 1165 858 che
1188 788 1280 857 habbi
1304 789 1343 857 da
1362 789 1524 858 offendere
1548 803 1579 859 et
1603 815 1707 859 essere

337 897 492 962 contraria
514 918 532 961 a
554 907 664 983 questa
687 895 826 979 Maestl;
858 894 920 964 ben
943 919 1055 984 penso,
1080 896 1139 964 che
1162 908 1290 984 potesse
1315 919 1430 979 essere,
1454 897 1513 965 che
1530 897 1591 964 Sua
1607 899 1709 966 Beati-

337 1000 446 1086 tudine
469 1002 611 1090 pensaria
634 1000 665 1068 di
689 1003 859 1069 assicurare
884 1014 916 1070 et
938 1001 1114 1090 provedere
1143 1001 1201 1069 alle
1225 1025 1301 1070 cose
1324 1000 1355 1070 di
1379 1002 1480 1092 quella
1503 1015 1592 1072 santa
1613 1002 1707 1086 Sede,

336 1130 388 1173 ma
404 1129 497 1174 senza
520 1108 654 1194 ingiuria
670 1129 690 1174 ο
708 1105 886 1174 offensione
911 1105 1012 1175 d'altri
1036 1119 1067 1175 et
1081 1109 1248 1196 praecipue
1272 1106 1302 1174 di
1319 1105 1404 1176 detta
1427 1108 1563 1192 Maestl;
1588 1121 1708 1198 quanto

336 1213 393 1280 alla
417 1236 508 1280 causa
531 1212 772 1296 matrimoniale,
797 1213 881 1281 ch'io
905 1235 997 1301 sapea
1020 1225 1120 1296 cert0,
1144 1214 1206 1281 Sua
1227 1214 1423 1282 Beatitudine
1447 1238 1551 1282 essere
1574 1216 1710 1302 optima·

338 1332 445 1388 mente
474 1317 614 1407 disposta
637 1341 730 1386 verso
759 1331 868 1408 questa
898 1320 1020 1386 Maesta
1049 1333 1080 1387 et
1107 1319 1188 1386 che’l
1215 1321 1348 1408 rispetto
1376 1319 1408 1387 di
1437 1320 1554 1389 Cesare
1585 1343 1652 1388 non
1680 1321 1710 1387 la

337 1424 411 1492 faria
434 1436 535 1512 punto
560 1423 684 1493 deviare
713 1423 752 1491 da
774 1424 880 1514 quello
904 1425 962 1491 che
985 1423 1282 1512 giustificatamente
1304 1437 1433 1514 potesse
1456 1425 1520 1494 fare
1545 1429 1576 1493 in
1600 1426 1710 1494 lavore

337 1553 408 1614 suu,
432 1543 463 1598 et
486 1530 546 1598 che
568 1530 629 1598 Sua
648 1529 845 1599 Beatitudine
869 1542 956 1598 certo
980 1529 1162 1599 desiderava
1184 1530 1251 1599 farli
1275 1533 1353 1620 ogni
1376 1533 1517 1615 servitio,
1541 1534 1660 1620 purche
1683 1535 1711 1600 si

337 1655 482 1725 potesse3
515 1660 567 1703 ma
590 1635 739 1704 doveano
763 1635 978 1719 considerare,
1010 1637 1070 1705 che
1093 1656 1203 1726 questa
1226 1639 1356 1705 materia
1378 1649 1508 1706 toccava
1537 1662 1603 1706 uno
1627 1638 1667 1706 de
1689 1639 1712 1705 li

338 1743 525 1810 sacramenti
549 1741 589 1809 de
611 1741 640 1809 la
663 1742 768 1809 chiesa
791 1761 822 1810 et
844 1743 948 1830 potria
971 1765 1097 1811 causare
1121 1766 1199 1832 gran
1223 1742 1381 1826 scandale,
1406 1742 1492 1812 onde
1512 1744 1574 1811 Sua
1590 1745 1712 1812 Santitt

338 1873 391 1916 era
407 1859 580 1916 constretta
595 1847 634 1915 ad
650 1847 775 1915 andarci
799 1847 902 1916 molto
920 1860 1145 1937 pesatamente,
1170 1853 1211 1916 ne
1227 1861 1342 1937 poteva
1358 1848 1433 1917 larci
1456 1873 1490 1918 se
1507 1873 1574 1918 non
1591 1871 1711 1940 quanto

339 1955 367 2022 la
390 1955 505 2022 iustitia
535 1972 753 2042 comportava.
803 1953 842 2020 Et
869 1955 913 2020 mi
942 1953 1086 2037 ricord0,
1115 1956 1169 2042 pila
1196 1955 1283 2022 volte
1312 1957 1345 2021 in
1373 1957 1449 2023 varii
1479 1958 1711 2043 ragionamenti

338 2083 432 2149 sopra
454 2071 568 2149 questo
591 2071 692 2148 punto
716 2058 833 2127 haverli
856 2059 975 2149 parlato
1000 2059 1032 2138 di
1054 2073 1167 2150 questo
1191 2060 1303 2128 modo.

447 2183 532 2251 »Ben
552 2184 596 2250 mi
613 2182 695 2250 disse
711 2181 909 2251 Eboracense
934 2195 1021 2251 certo
1036 2185 1292 2271 ragionamenm,
1317 2183 1411 2251 cheli
1434 2183 1505 2252 loro
1522 2187 1643 2253 oratori
1658 2211 1713 2254 an·

339 2313 413 2358 cora
436 2313 503 2357 non
520 2311 617 2356 erano
634 2287 780 2376 disperati
804 2287 835 2356 di
850 2301 962 2377 potere
980 2301 1124 2358 ottenere
1147 2289 1258 2358 alcuna
1274 2312 1347 2357 cosa
1371 2289 1409 2358 da
1424 2291 1466 2358 N.
1483 2291 1660 2378 Signorerr3
1678 2333 1711 2339 --

338 2419 416 2485 pure
438 2395 460 2462 il
483 2419 527 2477 re,
552 2394 719 2463 domenica
743 2394 793 2462 alli
815 2396 871 2462 IX.
896 2397 940 2462 nri
964 2394 1058 2477 disse,
1082 2396 1141 2463 che
1163 2395 1255 2464 volea
1278 2395 1383 2464 subito
1408 2396 1555 2485 expedire
1574 2397 1710 2466 Taddeo

340 2505 420 2570 costl
448 2525 503 2590 per
526 2499 590 2570 fare
621 2503 775 2570 ritornare
800 2501 903 2568 Briam
933 2515 970 2569 et
997 2501 1022 2568 il
1050 2502 1110 2568 Dr.
1135 2502 1348 2590 Stephan0‚
1376 2515 1413 2570 et
1440 2503 1509 2569 che
1537 2501 1711 2570 l’auditor

340 2608 437 2676 della
461 2608 620 2675 Camera
648 2607 856 2674 ritorneria
884 2607 917 2673 in
944 2606 1030 2674 ltalia
1058 2619 1089 2676 et
1116 2609 1196 2674 seria
1224 2631 1283 2675 suo
1313 2619 1440 2676 oratore
1469 2611 1549 2676 costl
1576 2610 1711 2676 insieme

338 2714 389 2782 col
413 2712 575 2782 Cavaliere
598 2712 724 2795 Casale,
753 2732 784 2780 et
815 2714 846 2778 in
878 2725 991 2802 questo
1021 2715 1189 2802 proposito
1219 2715 1410 2802 soggiuuse:
1441 2714 1510 2802 Ego
1542 2737 1608 2782 non
1639 2739 1711 2782 sum

339 2820 492 2890 molestus
515 2817 661 2886 Pontifici
686 2841 744 2906 pro
768 2820 929 2887 creatione
952 2817 1166 2902 cardinalium,
1190 2839 1224 2886 ut
1246 2830 1321 2887 sunt
1347 2819 1398 2887 alii
1420 2841 1523 2908 reges,
1553 2819 1619 2888 sed
1641 2843 1711 2909 pro

340 2924 538 3016 praedicto
561 2923 737 2992 auditore
761 2925 897 2992 omnino
913 2925 1000 3009 vole,
1023 2924 1111 3015 quod
1134 2925 1173 2992 ad
1196 2927 1377 2994 instantiam
1401 2949 1508 2993 meam
1527 2937 1613 2994 creet
1636 2948 1711 2994 eum

340 3031 540 3113 cardinalem,
565 3050 595 3099 er
612 3030 768 3098 dimostrd
786 3031 922 3099 haverne
944 3032 1156 3119 grandissimo
1174 3029 1343 3115 desiderio,
1367 3031 1503 3100 dicendo
1519 3032 1620 3100 molte
1636 3055 1712 3100 cose

340 3141 372 3206 in
396 3137 487 3206 laude
510 3136 541 3205 di
566 3161 638 3204 esso
662 3136 815 3205 auditore.

448 3261 666 3329 »Eboracense
689 3261 775 3328 m'ha
798 3261 898 3343 detto,
923 3261 981 3329 che
998 3261 1115 3329 Cesare
1138 3262 1219 3329 insta
1241 3283 1392 3350 appresso
1416 3261 1447 3329 di
1471 3261 1540 3329 loro
1561 3263 1642 3329 circa
1664 3281 1711 3328 tre

341 3391 430 3436 cose:
459 3369 487 3435 la
510 3369 611 3456 prima
635 3371 652 3433 ὲ
676 3366 707 3434 di
730 3389 807 3454 pace
834 3366 1000 3454 particular
1022 3365 1067 3434 fra
1090 3367 1172 3449 loro,
1195 3367 1224 3434 la
1247 3365 1400 3450 secunda,
1431 3368 1457 3434 si
1480 3368 1618 3455 primurn
1642 3389 1710 3434 non

340 3475 420 3558 vult,
449 3476 616 3562 suspensio
644 3495 805 3540 armorum
830 3472 944 3562 ubique
969 3472 1131 3552 locorum,
1160 3485 1191 3542 et
1213 3497 1249 3540 se
1271 3492 1385 3564 questo
1409 3497 1476 3541 non
1499 3473 1586 3556 vole,
1616 3475 1711 3541 tertio

339 3582 414 3650 loco
437 3605 499 3650 una
522 3593 632 3668 tregua
654 3578 846 3668 particulare.
893 3581 938 3646 Le
954 3581 1055 3668 prime
1079 3579 1140 3649 due
1156 3581 1234 3668 parti
1258 3580 1366 3647 hanno
1381 3579 1524 3662 refirtate,
1548 3579 1605 3646 alla
1628 3591 1711 3670 terza

341 3686 631 3756 consentirebbono
655 3708 718 3753 con
741 3685 918 3753 inclusione
942 3687 1025 3774 regis
1049 3686 1229 3768 Gallorum,
1260 3699 1293 3754 et
1315 3687 1360 3754 mi
1382 3687 1572 3774 suggiunge,
1597 3685 1655 3754 che
1678 3684 1711 3752 lo

340 3793 534 3881 Imperatore
558 3803 640 3859 tutto
664 3790 703 3873 la,
727 3803 761 3858 ut
783 3810 906 3879 separet
922 3813 979 3858 eos
1002 3790 1128 3858 aGallo
1144 3791 1193 3859 vel
1211 3790 1335 3858 Gallum
1360 3790 1398 3858 ab
1414 3793 1470 3873 eis,
1494 3792 1611 3880 perche
1627 3811 1710 3858 sono

342 3899 485 3979 avvisati,
509 3897 567 3964 che
591 3896 629 3964 da
652 3895 753 3963 l'altro
777 3908 871 3964 canto
894 3896 1072 3964 sollicitano
1098 3897 1236 3965 accordo
1260 3897 1311 3964 col
1334 3897 1582 3964 Cristianissimo
1605 3920 1661 3986 per
1683 3897 1712 3965 la

342 4005 391 4072 via
419 4003 450 4071 di
477 4001 623 4069 Madama
646 4003 793 4069 Leonora
821 4003 935 4070 sorella
963 4002 1012 4070 del
1041 4003 1251 4092 Imperatore,
1282 4002 1309 4070 la
1333 4003 1422 4092 quale
1450 4015 1643 4071 novamente
1671 4003 1711 4070 ha

342 4108 492 4178 mandato
517 4132 559 4175 un
574 4108 774 4196 Portoghese
797 4108 854 4176 alla
877 4122 965 4178 corte
989 4108 1019 4176 di
1036 4111 1174 4192 Francia,
1199 4121 1230 4177 et
1253 4109 1411 4192 midisse,
1435 4110 1493 4177 che
1516 4132 1632 4177 ancora
1654 4131 1711 4198 per

342 4217 417 4285 altra
432 4217 482 4284 via
504 4227 675 4283 tentavano
699 4214 720 4281 il
744 4215 1002 4283 Cristianissimo.
1041 4215 1158 4297 Questi
1182 4215 1346 4283 havevano
1365 4214 1537 4284 deliberato
1562 4214 1712 4283 mandare

342 4336 462 4391 mastro
485 4320 616 4391 Rosello
640 4319 719 4388 della
743 4345 866 4389 camera
897 4321 946 4390 del
970 4345 1003 4390 re
1027 4322 1055 4389 al
1078 4322 1346 4405 Cristianissimo;
1379 4323 1433 4410 poi
1457 4322 1564 4389 hauno
1588 4332 1711 4391 mutato

343 4441 374 4498 et
396 4431 428 4496 vi
450 4426 610 4496 mandano
633 4427 655 4494 il
677 4426 756 4494 duca
779 4426 810 4494 di
834 4427 975 4494 Suffolco
1000 4447 1141 4516 cognato
1169 4426 1220 4495 del
1242 4451 1276 4494 re
1300 4439 1333 4496 et
1360 4440 1479 4495 mastro
1503 4427 1617 4515 Figriel
1644 4428 1712 4496 the·

342 4558 470 4603 saurero
494 4533 574 4602 della
596 4556 666 4601 casa
694 4531 744 4600 del
768 4555 802 4600 re
810 4539 831 4615 ¹,
859 4533 881 4599 il
903 4533 994 4622 quale
1021 4533 1154 4601 intendo
1183 4533 1241 4601 che
1266 4537 1283 4600 e
1306 4557 1369 4601 una
1395 4533 1493 4622 gentil
1520 4556 1657 4622 persona
1681 4533 1712 4601 di

342 4642 442 4710 molta
457 4640 559 4709 valuta
583 4658 614 4707 et
629 4640 745 4728 pratica
768 4641 799 4706 in
816 4641 846 4707 le
862 4662 937 4706 cose
961 4638 1040 4707 della
1056 4661 1179 4728 guerra,
1204 4651 1235 4707 et
1257 4639 1279 4706 li
1294 4637 1465 4721 mundano,
1489 4639 1606 4727 perche
1621 4643 1711 4708 siano

342 4787 380 4795 -m
385 4785 552 4794 «mn--

451 4877 460 4908 ¹
478 4870 519 4924 Sir
531 4868 650 4924 William
668 4867 841 4936 Fitawilliam,
861 4869 1066 4924 Schatzmeister
1084 4869 1224 4923 Heinrichs
1236 4869 1317 4938 VIll.,
1336 4870 1374 4923 im
1391 4869 1490 4924 letzten
1503 4869 1603 4942 Kriege
1622 4887 1712 4943 gegen

344 4939 502 4996 Franlrreich
522 4939 661 5010 (1523l24)
680 4939 856 4994 Viceadmiral
876 4948 952 4994 unter
971 4941 1034 4995 dem
1052 4939 1153 4994 alteren
1171 4939 1294 4995 Norfollr.
