3824 5532
305 279 348 350 20
1481 293 1579 375 januar
1601 289 1674 368 1528.

304 461 517 549 sperabamus,
547 485 608 532 nec
630 463 656 531 si
679 481 791 554 postea
821 464 921 535 secuti
949 474 1023 534 sunt
1053 483 1186 534 eventus
1216 461 1367 546 infelices,
1395 459 1604 551 improbanda
1628 475 1674 526 est

304 568 385 636 ratio
401 580 586 637 nostrorum
603 569 821 654 consiliorum,
840 595 921 662 quae
936 574 1178 661 prosperitatem
1194 569 1267 638 licet
1285 592 1352 637 non
1370 567 1544 649 habuerint,
1568 576 1675 633 tamen

303 687 497 742 meruerunt.
544 675 653 757 Quare
677 677 1008 767 Circumspectionem
1031 677 1137 744 Tuam
1169 689 1200 744 et
1234 675 1397 742 hortamur
1428 684 1460 740 et
1486 670 1675 761 requirimus

302 777 474 868 plurimum
503 782 535 847 in
559 781 716 865 Domino,
747 784 885 871 primum
909 797 944 852 ut
974 784 1056 851 hanc
1085 793 1227 850 nostram
1258 779 1355 848 fidem
1380 799 1411 847 et
1441 777 1674 856 testimonium,

303 884 390 976 quod
413 909 472 975 pro
496 889 628 955 veritate
657 899 688 956 et
711 890 893 958 innocentia
924 888 1120 972 exhibemus,
1150 888 1274 956 reiectis
1305 884 1536 954 malevolorum
1560 881 1676 950 calum·

302 992 362 1058 niis
386 990 479 1060 solita
502 991 658 1081 probitate
675 993 854 1083 expendere
877 1019 913 1064 ac
930 993 993 1063 fide
1015 996 1175 1083 suscipere
1199 991 1387 1083 deindeque,
1411 991 1435 1057 si
1453 989 1546 1056 nobis
1570 989 1603 1055 in
1620 988 1676 1054 hac

247 1103 258 1112 “
301 1119 336 1164 re
365 1097 560 1166 credendum
591 1111 694 1188 putat,
723 1099 842 1170 dictum
871 1099 1078 1183 cardinalem,
1108 1101 1161 1189 qui
1191 1100 1223 1166 in
1251 1095 1370 1167 tuenda
1400 1093 1677 1184 perpetuandaque

301 1201 524 1271 benevolentia
552 1216 585 1272 et
608 1207 836 1274 coniunctione
859 1205 1024 1274 vobiscum
1053 1218 1162 1274 nostra
1189 1225 1317 1292 semper
1344 1202 1530 1283 elaboravit,
1559 1198 1677 1267 eodem

302 1308 375 1376 loco
400 1312 518 1376 amoris
542 1321 573 1377 et
589 1307 732 1394 fiduciae,
755 1335 820 1402 quo
836 1313 932 1402 prius,
958 1311 1071 1380 habere
1094 1311 1176 1400 apud
1199 1323 1230 1378 te
1255 1322 1287 1378 et
1302 1308 1441 1377 eundem
1464 1329 1575 1396 regem
1592 1305 1678 1388 velit,

302 1433 336 1482 ut
359 1414 429 1502 plus
452 1415 481 1482 ei
504 1418 606 1483 nostri
628 1417 805 1485 testimonii
828 1419 942 1487 veritas
965 1419 1047 1507 apud
1070 1440 1129 1486 vos
1152 1415 1323 1505 profuisse,
1351 1437 1446 1504 quam
1470 1413 1605 1482 aliorum
1630 1434 1678 1478 ca-

302 1520 421 1587 lumnia
444 1523 592 1590 nocuisse
615 1522 766 1591 videatur.
805 1523 876 1591 Nos
900 1523 1028 1614 quidem
1053 1523 1222 1591 iustissime
1253 1522 1433 1591 laboramus
1456 1543 1514 1608 pro
1545 1519 1679 1586 homine

302 1648 369 1693 non
392 1625 498 1694 solum
530 1627 621 1694 huius
646 1626 770 1716 culpae,
794 1631 882 1696 cuius
911 1630 943 1696 in
972 1630 1181 1718 suspitionem
1204 1647 1347 1711 vocatur,
1378 1649 1508 1716 prorsus
1537 1635 1679 1714 experte,

301 1729 358 1798 sed
382 1733 476 1800 etiam
501 1731 594 1800 nobis
616 1757 742 1802 summe
758 1747 889 1824 accepto
914 1747 945 1804 et
960 1747 1062 1823 grato,
1087 1736 1174 1802 cuius
1198 1757 1272 1804 cum
1287 1735 1402 1804 virtute
1425 1730 1593 1822 prudentia
1612 1729 1676 1798 fide

302 1834 446 1905 doctrina
469 1839 502 1904 in
526 1841 672 1907 maximis
688 1838 778 1908 Sedis
795 1839 1000 1927 Apostolicae
1022 1841 1161 1928 negotiis
1184 1842 1231 1908 usi
1247 1863 1375 1928 semper
1398 1838 1551 1906 fuerimus
1569 1837 1679 1925 utique

301 1943 333 2008 in
350 1955 461 2031 postea
484 1943 696 2027 intendamus,
719 1947 915 2014 nuncetiam
939 1947 1077 2012 maxime
1092 1944 1247 2013 utendum
1265 1945 1422 2027 duximus,
1446 1943 1531 2012 urbis
1551 1953 1681 2010 nostrae

301 2070 375 2118 cura
402 2049 461 2116 sibi
484 2052 658 2118 commissa
680 2052 903 2142 legationeque
926 2051 991 2133 illa,
1019 2074 1098 2140 quae
1122 2070 1153 2119 er
1177 2050 1396 2119 dexteritatem
1421 2064 1453 2117 et
1474 2047 1680 2137 prudentiam

301 2176 509 2244 permagnam
540 2153 820 2246 difficultatemque
849 2179 917 2224 non
941 2159 1100 2224 minorem
1130 2157 1220 2226 inse
1249 2156 1352 2239 haber,
1379 2157 1409 2224 ei
1432 2157 1602 2244 praecipue
1626 2152 1680 2220 de-

302 2260 370 2328 lata.
407 2260 476 2329 Nec
492 2271 653 2350 praeterea
668 2281 826 2351 putamus,
842 2285 911 2330 rem
927 2285 996 2330 esse
1012 2261 1107 2330 ullam
1122 2263 1324 2351 quantumvis
1339 2261 1470 2330 arduam
1487 2273 1520 2329 et
1536 2281 1680 2348 gravem,

302 2388 382 2455 quae
404 2389 473 2433 non
496 2365 577 2433 illius
601 2365 675 2435 fidei
698 2379 730 2434 et
752 2365 900 2455 prudenti
923 2365 1040 2435 iudicio
1056 2379 1142 2435 recte
1166 2369 1325 2436 committi
1345 2369 1460 2456 possit,
1484 2389 1583 2456 quem
1606 2387 1681 2432 cum

302 2470 344 2538 ob
375 2493 427 2539 eas
457 2493 507 2539 res
536 2474 673 2539 maxime
704 2495 811 2540 carum
841 2471 1011 2540 habeamus
1039 2493 1069 2540 et
1098 2473 1187 2541 istius
1217 2472 1301 2560 regis
1330 2485 1361 2540 et
1388 2471 1481 2538 Tuae
1512 2473 1684 2560 praecipue

303 2577 619 2665 Circumspectionis,
642 2577 788 2667 aquibus
803 2583 893 2645 tahto
910 2588 957 2645 est
977 2575 1133 2646 beneficio
1150 2576 1290 2658 affector,
1314 2575 1585 2644 studiosissimum
1612 2598 1684 2642 esse

303 2682 431 2764 actore
459 2684 697 2770 perspiciamus,
725 2706 792 2750 non
815 2705 985 2772 possumus
1016 2685 1082 2750 eius
1106 2694 1137 2751 et
1165 2685 1301 2750 insontis
1325 2701 1357 2749 et
1380 2705 1397 2748 a
1421 2681 1515 2749 nobis
1544 2680 1685 2748 absentis

303 2787 387 2877 apud
401 2811 468 2855 vos·
483 2809 542 2875 pro
567 2789 701 2855 iustitiae
725 2785 831 2855 debito
847 2787 957 2856 tuendi
980 2811 1086 2856 curam
1111 2811 1177 2857 non
1198 2789 1369 2877 suscipere,
1393 2809 1489 2877 quam
1514 2806 1545 2854 et
1570 2788 1687 2854 merita

306 2895 372 2962 eius
396 2905 427 2962 et
449 2912 560 2960 noster
590 2895 622 2959 in
646 2892 732 2960 illum
757 2883 901 2960 su'mmus
932 2917 1023 2961 amor
1050 2893 1196 2982 postulat.
1243 2895 1361 2962 Sumus
1384 2905 1471 2961 certe
1495 2917 1513 2960 a
1537 2893 1687 2962 Circum·

305 3000 469 3088 spectione
486 2998 558 3065 Tua
579 2998 792 3084 gratissimum
816 2997 948 3067 habituri
972 2997 1066 3088 idque
1086 2999 1124 3066 ab
1141 3022 1176 3066 ea
1200 2998 1313 3088 cupide
1328 3011 1545 3087 expectamus,
1570 2999 1596 3064 si
1621 2997 1687 3065 fide

306 3104 399 3172 nobis
423 3102 526 3171 habita
550 3103 776 3193 calumniisque
800 3102 1030 3172 malevolorum
1054 3127 1109 3193 per
1131 3123 1217 3172 tuam
1248 3104 1440 3193 probitatem
1466 3103 1607 3193 depulsis
1632 3127 1689 3171 eo·

307 3209 381 3278 dent
405 3232 470 3299 quo
493 3221 586 3276 antea
615 3207 689 3276 loco
714 3221 745 3277 et
767 3209 885 3276 amoris
909 3229 940 3277 et
962 3209 1095 3278 fiduciae
1126 3208 1264 3278 eundem
1288 3210 1480 3279 cardinalem
1506 3233 1577 3278 esse
1601 3209 1688 3298 apud

306 3339 366 3386 vos
383 3313 530 3396 volueris,
554 3314 607 3403 qui
630 3336 757 3402 semper
779 3315 912 3380 annixus
928 3326 986 3396 est,
1009 3327 1043 3382 ut
1066 3338 1126 3382 nos
1143 3315 1309 3383 vobiscum
1333 3315 1430 3384 iidem
1450 3339 1608 3398 essemus,
1633 3317 1689 3406 qui

307 3443 434 3509 semper
457 3419 636 3487 fuissemus.

414 3544 486 3611 Dat.
511 3544 543 3608 in
567 3543 626 3609 civ.
651 3552 758 3608 nostra
782 3539 981 3609 Urbevetana
1004 3541 1054 3609 die
1079 3545 1130 3610 28.
1154 3542 1219 3610 lan.
1249 3545 1330 3628 1528
1354 3566 1442 3611 anno
1466 3545 1594 3634 quinto

1388 3685 1522 3754 Blosius.

672 3909 852 3977 Clemens
872 3909 941 3977 VH.
964 3931 1004 3976 an
1027 3910 1212 3978 Heinrich
1232 3911 1316 3981 VIII.

417 4067 537 4122 Gleiclen
556 4066 665 4120 inhaltes
682 4068 732 4119 wie
749 4067 796 4120 das
814 4065 983 4131 vorstebende,
1004 4069 1064 4120 aber
1081 4068 1241 4122 betrdchtlich
1259 4071 1357 4139 hirqer.
1396 4071 1497 4126 Datum
1516 4073 1572 4126 und
1595 4073 1692 4126 Unter-

307 4157 397 4228 schrift
415 4157 465 4209 wie
484 4155 553 4208 oben.

521 4295 680 4348 Brevmin.
701 4292 886 4347 cl.vr1.v01.
908 4307 948 4358 21,
974 4311 999 4348 n.
1022 4294 1052 4362 58
1076 4311 1099 4348 u.
1122 4309 1161 4364 57.
1199 4296 1279 4350 Beide
1306 4298 1403 4352 Stuclre
1428 4299 1540 4370 hangen
1566 4301 1616 4354 mit
1643 4301 1693 4356 der

414 4381 572 4454 englischen
592 4379 747 4450 Forderung
770 4397 802 4434 an
822 4380 873 4434 den
892 4380 972 4450 Papst
990 4397 1157 4448 zusammen,
1182 4384 1259 4438 einen
1280 4385 1401 4455 legaten
1421 4387 1491 4441 nach
1511 4387 1639 4458 England
1659 4407 1693 4442 zu

416 4470 525 4526 senden.
562 4469 606 4524 An
625 4477 709 4523 erster
727 4467 809 4521 Stelle
828 4467 964 4538 verlangte
983 4485 1045 4522 man
1064 4467 1116 4523 den
1134 4468 1213 4524 Kard.
1233 4471 1415 4544 Campeggio,
1435 4475 1490 4528 und
1508 4475 1594 4530 durch
1615 4476 1693 4532 diese

414 4556 637 4614 wahrscheinlich
655 4555 762 4610 fihtiven
781 4554 921 4626 Anklagen
940 4571 1029 4626 gegen
1049 4556 1100 4610 den
1119 4556 1243 4612 Kardinal
1269 4559 1348 4614 sollte
1367 4561 1442 4616 wohl
1464 4581 1514 4616 nur
1534 4564 1579 4618 ein
1598 4564 1693 4619 Druck

415 4646 463 4701 auf
477 4644 623 4700 denselben
642 4643 724 4715 geobt
743 4641 860 4708 werden,
879 4643 961 4696 damit
979 4660 1007 4696 er
1026 4661 1070 4697 um
1090 4661 1121 4698 so
1140 4645 1338 4718 bereitwilltger
1356 4648 1403 4704 das
1423 4649 1605 4706 dornenvolle
1624 4633 1695 4708 Anat

414 4735 502 4788 dieser
520 4733 651 4803 Legation
677 4729 724 4784 auf
739 4729 795 4784 sich
815 4730 921 4784 nebme.
953 4730 1045 4801 Vergl.
1064 4731 1170 4800 Burnet,
1190 4733 1250 4788 The
1269 4734 1330 4790 hist.
1350 4736 1383 4790 of
1398 4737 1446 4791 the
1464 4737 1589 4794 Resonn.
1625 4739 1694 4795 Col-

414 4821 514 4876 lection
533 4821 565 4874 ll.
585 4837 610 4874 n.
628 4834 666 4888 ¹3·
698 4817 807 4870 Brewer
825 4816 870 4872 IV.
889 4835 914 4871 n.
931 4817 995 4888 3693
1016 4835 1040 4873 u.
1057 4834 1131 4891 39¹3·
1168 4820 1219 4874 Die
1238 4822 1386 4892 papstliche
1406 4825 1552 4881 Debretale
1572 4845 1596 4881 a.
1618 4847 1642 4884 a.
1657 4827 1694 4884 Ο.

416 4923 474 4980 234.
503 4908 529 4963 S.
550 4908 618 4960 auch
637 4916 718 4963 unten
737 4904 783 4958 Nr.
804 4919 844 4972 25.
