3824 5532
352 313 392 379 18
1526 325 1623 401 Januar
1646 325 1719 398 1528.

349 489 554 558 occasionem
577 487 690 557 fuerim
713 503 834 574 nactus,
855 503 983 568 sanctae
998 490 1202 579 Apostolicae
1218 489 1307 560 Sedis
1331 513 1439 559 causas
1461 487 1544 578 apud
1559 488 1717 556 Sermum.

348 597 433 666 hunc
457 620 566 686 regem
589 596 721 684 posthac
745 596 958 686 promovendi
981 610 1074 688 atque
1097 598 1234 667 iuvandi.
1268 596 1332 666 Sed
1348 595 1387 666 de
1402 597 1452 664 his
1466 596 1596 686 aliisque
1611 595 1718 662 multis

347 702 387 771 ad
410 701 614 792 magnificum
638 704 778 792 equitem
801 703 980 771 Dominum
1005 704 1198 792 Gregorium
1223 701 1393 786 Casalium,
1416 704 1521 792 regiae
1545 701 1717 768 Maiestatis

348 809 560 877 consiliarium
591 821 622 876 et
649 821 810 876 oratorem
839 811 1059 898 impraesentia
1089 809 1208 892 scribo,
1238 811 1289 876 cui
1319 822 1353 876 ut
1383 809 1590 876 certissimam
1621 805 1716 875 fidem

347 915 421 984 velit
443 916 475 982 S.
499 916 540 983 V.
566 915 598 980 in
622 913 771 981 omnibus
787 913 903 983 habere
926 915 1101 982 humillime
1123 939 1238 1005 precor
1254 917 1345 1004 eique
1368 939 1421 982 me
1446 916 1539 982 etiam
1564 937 1599 981 ac
1623 914 1716 981 etiam

346 1022 602 1091 reverentissime
625 1020 833 1089 commendo.

449 1127 588 1195 Londini
614 1151 652 1194 ex
676 1129 757 1196 meis
780 1127 909 1195 aedibus
933 1127 984 1196 die
1008 1150 1038 1216 7.
1061 1129 1195 1198 Ianuarii
1223 1130 1315 1214 1528.

989 1338 1163 1407 humIllima
1187 1363 1222 1408 ac
1246 1338 1451 1407 devotissima
1475 1351 1615 1407 creatura

1119 1444 1161 1513 T.
1186 1443 1360 1514 Cardinalis
1384 1445 1478 1512 Ebor.

554 1587 662 1642 Lettere
681 1586 707 1640 di
725 1586 811 1642 Princ.
831 1587 883 1642 vol.
907 1601 928 1656 5,
948 1585 965 1641 l.
984 1587 1014 1641 rs
1034 1604 1058 1640 u.
1079 1602 1120 1641 20.
1152 1585 1228 1658 Orig.
1259 1585 1395 1641 Gedruckt
1413 1587 1456 1640 bei
1475 1585 1526 1640 Th.
1547 1585 1563 1642 Ι.
1583 1602 1606 1640 c.
1626 1603 1651 1657 p.
1670 1600 1717 1655 557

448 1695 474 1732 n.
494 1677 553 1748 988,
573 1676 615 1730 bei
635 1675 698 1731 Poc.
718 1677 734 1731 l.
754 1693 776 1731 c.
796 1676 816 1730 1.
833 1690 860 1744 51
882 1675 951 1730 nach
970 1674 1032 1729 dem
1050 1674 1197 1732 Entwurfe.
1233 1675 1351 1730 Theiner
1369 1675 1414 1729 hat
1433 1673 1534 1730 wieder
1551 1673 1599 1727 das
1618 1674 1719 1728 Datum

449 1765 589 1836 7.I.1527
607 1772 670 1819 statt
686 1764 752 1833 1528
771 1764 866 1818 stehen
879 1763 967 1818 lassen
985 1763 1039 1818 und
1057 1762 1116 1818 laist
1134 1777 1166 1817 so
1185 1764 1211 1816 in
1229 1781 1255 1818 n.
1269 1765 1320 1836 987
1334 1762 1387 1816 und
1400 1763 1449 1835 988
1469 1762 1561 1833 Konig
1578 1761 1633 1815 und
1652 1762 1718 1815 Kar-

448 1853 518 1908 dinal
537 1853 598 1906 dem
612 1852 710 1924 Papste
729 1870 760 1906 zu
779 1853 867 1906 seiner
879 1851 1023 1923 Befreiung
1035 1851 1121 1907 Gluclr
1139 1851 1287 1905 wunschen
1306 1851 1360 1906 und
1374 1851 1509 1905 dieselben
1528 1851 1599 1904 daun
1618 1859 1673 1904 erst
1691 1851 1718 1903 in

448 1961 474 1998 n.
493 1957 546 2014 990
564 1939 617 1994 und
636 1956 682 2012 991
707 1939 763 1994 ihre
782 1939 942 1994 Teilnuhme
961 1957 994 1994 an
1013 1941 1100 1994 seiner
1118 1938 1348 2010 Gefangenschaft
1367 1939 1539 1994 ausdrucken.
1577 1937 1655 1992 Auch
1675 1937 1718 1991 die

447 2030 676 2100 Archivsignatur,
694 2028 737 2082 die
756 2027 807 2084 Th.
828 2045 859 2082 zu
878 2028 980 2082 diesem
999 2027 1096 2083 Stuclre
1115 2027 1196 2098 giebt,
1215 2027 1248 2080 ist
1267 2027 1339 2081 nicht
1358 2027 1463 2098 richtig.

1000 2203 1060 2288 15.

423 2346 609 2416 Heinrich
629 2346 714 2413 VIII.
738 2369 778 2412 an
802 2344 984 2413 Clemens
999 2344 1069 2412 VII.
1116 2343 1321 2426 Greenwich,
1345 2346 1375 2412 8.
1398 2345 1514 2430 Januar
1541 2345 1635 2429 1528.

449 2488 569 2543 Gleicben
589 2487 699 2542 inbelles
720 2488 770 2540 wie
787 2487 834 2540 das
854 2485 986 2539 Schrer'ben
1004 2485 1120 2556 Wolseys.
1159 2485 1235 2538 Bea'de
1255 2484 1386 2538 Schrea'ben
1408 2485 1468 2538 sind
1485 2487 1513 2538 in
1532 2485 1612 2538 ihrem
1636 2491 1719 2538 ersten

346 2579 414 2634 Teile
427 2577 547 2632 Anlwort
565 2576 616 2647 aus
630 2577 672 2629 die
684 2576 784 2628 Breuen
802 2575 845 2628 des
858 2574 958 2647 Popstes
976 2591 1035 2627 vom
1050 2589 1090 2641 14.
1106 2572 1164 2628 XII.
1181 2589 1257 2644 1527,
1276 2575 1329 2626 und
1346 2574 1425 2626 darin
1444 2574 1562 2628 erkldren
1580 2572 1651 2627 beide
1669 2572 1719 2625 den

341 2668 417 2740 Pupst
434 2667 486 2738 sair
505 2665 573 2719 nicht
589 2664 731 2735 geltruden,
753 2664 795 2716 die
819 2663 870 2716 ilani
896 2680 947 2716 uon
971 2663 1019 2715 den
1038 2661 1212 2715 Kaiserliclren
1235 2661 1462 2733 ausgedrungenen
1481 2661 1669 2734 Bedingungen
1689 2678 1720 2730 qu

340 2755 497 2820 leobacblen,
515 2755 603 2808 soever't
620 2754 655 2806 sie
669 2751 745 2806 Rechl
763 2751 816 2804 und
829 2750 962 2820 Billiglreit
981 2749 1161 2803 albersclrrer'len
1180 2750 1242 2803 oder
1254 2749 1311 2802 dem
1325 2749 1414 2822 Papsle
1431 2749 1485 2802 und
1503 2751 1588 2802 ser'nen
1603 2749 1720 2802 Bundes-

339 2861 461 2916 genossen
485 2860 541 2912 quaa
567 2840 685 2894 Nachleil
706 2839 838 2910 gereichen
863 2839 979 2892 lelnnten.
1018 2837 1092 2892 Scine
1112 2837 1269 2910 persdnliche
1293 2836 1491 2908 Angelegenbeil
1515 2837 1648 2890 bebandell
1673 2837 1721 2890 der

343 2932 432 3003 Kbnr'g
450 2933 477 2984 in
488 2930 631 3002 folgenden
648 2928 766 2982 Worten:

446 3071 535 3153 Quid
568 3089 674 3137 autem
707 3069 739 3135 in
771 3068 905 3135 Vestrae
937 3066 1115 3135 Sanctitatis
1149 3066 1281 3152 gratiam
1317 3066 1468 3133 hactenus
1504 3065 1717 3147 effecerimus,

341 3179 439 3267 longe
463 3178 600 3264 apertius
624 3187 655 3243 et
671 3174 847 3242 distinctius
863 3171 994 3260 posthac
1018 3194 1112 3261 quam
1129 3170 1230 3238 adhuc
1247 3169 1289 3237 ob
1313 3185 1475 3240 recentem
1492 3170 1716 3239 liberationem

341 3284 495 3372 potuerit,
519 3283 633 3349 Vestra
656 3280 810 3348 Sanctitas
834 3288 1025 3366 cognoscet,
1055 3299 1093 3343 ex
1117 3299 1253 3365 quorum
1277 3288 1464 3344 nostrorum
1491 3277 1555 3344 iam
1586 3278 1717 3365 praesti-

340 3404 447 3459 torum
472 3387 655 3457 officiorum
678 3385 865 3454 testimonio
889 3382 978 3451 facile
1000 3381 1137 3450 iudicare
1160 3384 1286 3470 poterit,
1310 3394 1430 3472 quanto
1455 3383 1502 3449 his
1518 3383 1642 3450 maiora
1658 3381 1717 3450 sibi

341 3508 434 3587 queat
458 3492 497 3562 de
521 3493 614 3563 nobis
638 3492 789 3581 polliceri,
812 3513 907 3579 quem
932 3506 1016 3556 certe
1039 3486 1288 3555 addictissimum
1316 3499 1462 3555 nostrum
1487 3489 1634 3555 animum
1658 3489 1717 3555 sibi

340 3604 463 3692 totique
487 3622 561 3667 suae
589 3597 724 3666 familiae
752 3619 820 3663 non
849 3595 965 3684 absque
992 3591 1094 3661 fructu
1126 3592 1187 3661 hoc
1215 3590 1286 3660 solo
1319 3591 1428 3661 officio
1459 3594 1493 3660 in
1523 3605 1715 3682 perpetuum

341 3706 555 3776 confirmabit:
587 3707 612 3772 si
640 3703 787 3772 videlicet
816 3703 849 3768 in
879 3700 927 3766 his
956 3696 1185 3780 concedendis,
1216 3701 1247 3765 in
1276 3697 1388 3788 quibus
1420 3712 1529 3767 nostra
1559 3701 1716 3790 regnique

340 3816 440 3882 nostri
464 3813 547 3879 salus
572 3823 603 3878 et
627 3812 715 3899 quies
737 3818 878 3878 versatur
907 3818 939 3873 et
962 3803 1136 3892 dequibus
1164 3822 1232 3870 tum
1256 3805 1373 3871 nostris
1401 3803 1522 3887 litteris,
1550 3817 1621 3873 tum
1646 3829 1717 3872 ora-

339 3918 461 3988 toribus
489 3916 572 4007 apud
599 3916 804 3984 Sanctitatem
821 3914 969 3980 Vestram
998 3933 1098 3998 nuper
1125 3906 1345 3977 ardentissime
1372 3933 1408 3977 ac
1432 3910 1717 3978 vehementissime

340 4028 474 4114 egimus,
497 4023 681 4110 benignam,
704 4019 827 4088 facilem
847 4029 878 4086 et
894 4038 1084 4106 propensam
1104 4039 1138 4083 se
1154 4015 1343 4104 praestiterit
1362 4017 1450 4082 etita
1466 4037 1528 4082 nos
1551 4015 1610 4083 sibi
1626 4019 1717 4107 Apo-

338 4130 531 4218 stolicaeque
555 4124 806 4205 conservandae,
834 4119 987 4189 iuvandae
1011 4143 1046 4188 ac
1069 4118 1284 4209 protegendae
1308 4117 1382 4186 Sedi
1407 4131 1532 4207 praeter
1554 4119 1603 4204 id,
1627 4121 1717 4211 quod

337 4235 468 4326 quilibet
495 4235 642 4321 princeps
671 4253 708 4298 ex
737 4231 804 4296 iure
828 4225 937 4309 debet,
968 4224 1156 4313 adstringet,
1184 4236 1219 4292 ut
1248 4247 1309 4291 nos
1335 4247 1538 4315 regnumque
1566 4239 1716 4294 nostrum

336 4344 401 4410 suis
424 4361 552 4427 semper
567 4337 651 4405 votis
675 4333 950 4423 promptissimum
970 4333 1010 4398 sit
1033 4329 1183 4412 habitura,
1207 4330 1252 4397 uti
1268 4331 1370 4417 magis
1393 4329 1553 4418 sigillatim
1570 4355 1610 4398 ex
1627 4355 1716 4420 mag-

336 4446 434 4515 nifico
450 4445 597 4511 Domino
615 4441 712 4527 Greg.
730 4435 856 4506 Casalio
878 4448 1005 4503 oratore
1029 4452 1139 4500 nostro
1154 4435 1266 4501 Vestra
1281 4433 1448 4502 Beatitudo
1472 4437 1629 4524 intelliget
1655 4458 1715 4505 erc.

442 4569 488 4636 Ex
510 4567 597 4654 regia
620 4574 730 4630 nostra
753 4561 916 4641 Grenwci‚
940 4558 991 4626 die
1015 4559 1044 4624 8.
1068 4557 1200 4624 Ianuarii
1229 4558 1320 4643 1528.
1437 4648 1468 4713 H
1530 4648 1537 4662 υ

1470 4669 1607 4717 enrrcus.

546 4776 624 4830 Instr.
643 4773 719 4828 Misc.
732 4771 807 4825 Arm.
826 4769 872 4824 XI.
892 4785 963 4840 caps.
980 4783 1000 4823 1.
1020 4786 1045 4821 n.
1061 4783 1101 4823 11.
1121 4765 1198 4839 orig.
1217 4767 1351 4823 Gedruclrt
1365 4770 1407 4824 bei
1421 4769 1473 4824 Th.
1493 4788 1518 4842 p.
1535 4786 1546 4840 5
1553 4772 1594 4840 56,
1614 4789 1641 4827 n.
1655 4773 1717 4845 987.

441 4863 587 4936 Bezt'rglich
612 4862 659 4916 des
685 4861 799 4914 Datums
825 4857 873 4928 gilt
897 4856 1019 4911 dasselbe
1044 4855 1097 4910 wie
1121 4855 1163 4909 bei
1188 4855 1250 4910 dem
1274 4857 1482 4912 vorstehenden.
1519 4857 1613 4930 Vergl.
1642 4861 1717 4916 State

440 4953 540 5026 Papers
559 4951 618 5005 Vll.
637 4963 672 5016 44
