3824 5528
374 325 436 384 170
1494 337 1644 390 December
1665 351 1735 403 1530-

476 497 689 569 archiepiscopus
713 499 898 552 Brundusinus.
938 500 985 552 Mit
998 498 1153 552 Ausuahme
1169 499 1270 568 einiger
1285 496 1505 550 unbedeutenden
1518 495 1736 564 Abweichungen

477 587 509 639 ist
528 585 575 640 der
593 585 663 640 Text
682 602 769 658 genau
788 586 909 641 derselbe
928 589 980 640 wie
999 587 1042 641 bei
1061 585 1181 658 Raynald
1200 585 1254 640 und
1272 585 1397 640 iheiner.

581 674 740 729 nusserdem
765 676 838 746 giebt
864 693 893 730 es
918 677 990 730 noch
1014 677 1081 729 zwei
1105 676 1215 728 weitere
1239 673 1384 739 Entwurfe,
1411 674 1486 727 beide
1512 671 1690 726 abschriftlich
1711 671 1736 724 iu

477 763 550 816 band
571 776 602 828 14
620 763 667 816 der
684 762 792 818 Lettere
812 762 837 817 di
856 765 978 835 Principi,
998 763 1014 818 s.
1029 778 1178 834 473-479,
1197 762 1334 817 enthalten
1353 771 1430 816 unter
1448 760 1495 816 der
1508 759 1666 814 Aufschrift:
1685 759 1735 812 Re·

477 866 575 920 sponsa
598 851 736 905 Rmomm.
756 852 916 906 Anconitani
939 861 964 906 et
983 851 1029 910 SS.
1049 861 1168 922 quatuor,
1192 851 1249 904 also
1269 867 1322 904 von
1345 849 1397 904 den
1415 848 1577 902 Kardinilen
1600 847 1687 901 Pietro
1704 845 1737 899 de

476 937 580 992 Accolti
603 938 656 993 und
680 939 740 992 dem
760 937 1002 1010 Grofsponitentiar
1025 939 1147 994 Lorenzo
1165 939 1245 993 Pucci
1267 936 1438 992 herruhrend.
1475 937 1531 990 Der
1550 933 1673 990 Entwurf
1692 936 1737 988 des

476 1026 603 1080 letzteren
622 1028 656 1082 ist
674 1028 765 1081 lrurzer
790 1028 843 1082 und
861 1028 1019 1083 beschrdnlrt
1037 1027 1094 1082 sich
1113 1029 1150 1081 im
1169 1027 1360 1082 wesentlichen
1380 1025 1427 1080 auf
1442 1025 1494 1080 den
1513 1025 1665 1090 Nachweis,
1684 1023 1736 1077 dass

477 1113 518 1167 die
537 1114 712 1186 Abberusung
736 1114 782 1170 der
804 1115 890 1170 Sache
913 1116 983 1170 nach
1006 1117 1077 1170 Rom
1100 1117 1137 1170 im
1156 1115 1258 1170 Rechte
1282 1113 1430 1186 begrimdet
1449 1131 1505 1168 war
1527 1114 1581 1168 und
1604 1113 1672 1168 nach
1694 1113 1738 1165 der

477 1201 612 1274 Bemiung
630 1203 712 1257 durch
730 1203 772 1256 die
785 1203 903 1276 Konigin
918 1205 1061 1258 Katharina
1080 1205 1152 1258 nicht
1172 1220 1326 1274 umgangen
1339 1202 1448 1258 werden
1467 1203 1574 1256 lronnte.
1605 1202 1661 1256 Der
1674 1200 1736 1254 Kar·

477 1289 546 1343 dinal
566 1308 618 1344 von
639 1291 751 1346 Aulona
775 1292 898 1364 dagegen
922 1293 1064 1348 behandelt
1086 1293 1128 1346 die
1148 1293 1233 1346 Sache
1252 1291 1443 1347 ausfuhrlicher
1468 1291 1522 1345 und
1540 1290 1680 1360 widerlegt
1697 1288 1738 1342 die

477 1377 617 1449 Anhlagen
636 1379 775 1434 Heinrichs
794 1380 841 1435 der
855 1382 939 1436 Reihe
958 1381 1027 1435 nach
1046 1380 1164 1435 sachlich
1183 1380 1236 1434 und
1254 1379 1375 1446 trellend
1395 1379 1515 1433 weshalb
1534 1380 1584 1432 uir
1602 1377 1649 1432 das
1661 1377 1737 1431 Sttrclr

476 1465 506 1533 (l.
521 1483 543 1520 c.
563 1466 579 1520 f.
595 1469 748 1540 475-479)
767 1468 888 1540 sogleich
908 1470 965 1523 hier
983 1469 1118 1523 anreihen.
1155 1469 1220 1522 Eine
1236 1469 1377 1539 vorherige
1392 1467 1597 1538 Inhaltsangabe
1617 1467 1650 1519 ist
1667 1465 1736 1519 nicht

477 1553 657 1622 ersorderlich,
677 1555 709 1609 da
728 1556 774 1610 der
792 1557 917 1610 Entwurf
932 1556 1104 1610 hinreichend
1122 1556 1309 1610 ubersichtlich
1327 1554 1458 1626 abgefafst
1476 1557 1517 1609 ist.

1025 1748 1091 1836 96.

641 1911 842 1997 Responsum
868 1910 950 1978 Rmi.
975 1910 1168 1977 Anconitani
1192 1910 1300 1978 litteris
1323 1908 1474 1997 Anglicis.

460 2033 651 2120 Accepimus
667 2031 784 2102 litteras
802 2045 875 2100 tuas
891 2034 949 2102 sub
965 2033 1035 2102 data
1061 2088 1067 2100 .
1095 2088 1100 2100 .
1127 2087 1133 2100 .
1160 2087 1167 2116 ,
1191 2056 1268 2122 quas
1285 2033 1333 2099 his
1350 2033 1468 2100 nostris
1484 2033 1581 2099 inseri
1596 2029 1735 2109 fecimus,

372 2148 406 2203 ut
429 2136 620 2219 videremus,
644 2150 748 2207 utrum
773 2164 811 2207 ex
830 2141 926 2207 animi
942 2141 987 2207 tui
1010 2139 1107 2207 libera
1129 2141 1285 2207 sententia
1300 2139 1523 2226 processerint,
1547 2134 1635 2226 quod
1650 2134 1737 2203 nobis

371 2243 540 2312 verisimile
564 2267 630 2311 non
655 2243 788 2327 videtur,
812 2269 943 2336 quarum
968 2245 1140 2314 litteramm
1164 2257 1258 2313 tenor
1281 2245 1421 2334 sequitur
1445 2256 1476 2311 et
1500 2253 1548 2312 est
1569 2243 1662 2310 talis.
1681 2293 1734 2306 ...

371 2348 519 2416 Praefatis
543 2351 639 2437 igitur
661 2350 782 2434 litteris,
807 2375 880 2420 cum
904 2351 1117 2441 multipliciter
1140 2374 1309 2439 personam
1336 2363 1480 2418 nostram
1503 2362 1609 2417 taxare
1633 2345 1734 2414 viden·

371 2466 431 2536 tur,
455 2479 521 2523 uno
545 2455 643 2522 verbo
668 2455 908 2545 respondemus,
933 2457 1028 2546 longe
1052 2458 1174 2546 pridem
1192 2457 1339 2545 exemplo
1359 2457 1478 2524 Christi
1494 2454 1650 2535 didicisse,
1674 2475 1735 2520 non

371 2559 474 2627 solum
504 2559 575 2642 has,
604 2562 659 2629 sed
687 2561 784 2650 longe
813 2566 949 2630 maiores
978 2564 1104 2631 iniurias
1136 2565 1291 2651 patienter
1317 2562 1413 2645 ferre;
1446 2585 1506 2630 nec
1535 2572 1738 2648 proptereaa

371 2664 494 2748 glutino
517 2665 768 2751 benevolentiae,
792 2692 856 2757 quo
880 2692 941 2736 nos
960 2681 991 2736 et
1014 2668 1112 2736 Sedes
1131 2669 1314 2757 Apostolica
1339 2667 1413 2736 fidei
1430 2666 1602 2735 Defensori
1626 2666 1736 2732 merito

372 2773 606 2860 coniungimur,
630 2785 694 2840 tam
719 2773 806 2842 facile
831 2773 934 2842 divelli
957 2797 1136 2863 possumus.

477 2879 652 2946 Venientes
675 2881 769 2968 igitur
792 2879 830 2948 ad
854 2903 979 2948 causam
1002 2893 1090 2948 tuam
1114 2879 1265 2964 dicemus,
1289 2903 1350 2946 nos
1375 2903 1445 2947 eam
1470 2880 1502 2945 in
1525 2876 1641 2965 Anglia
1665 2875 1739 2944 duo·

371 2981 429 3050 bus
453 2982 485 3050 S.
508 2984 545 3052 R.
562 2984 596 3051 E.
622 2985 826 3054 cardinalibus
857 2985 967 3073 legatis
991 2985 1030 3054 de
1053 2986 1149 3054 latere
1177 2987 1294 3054 nostris
1324 2985 1524 3052 commisisse
1556 3006 1596 3050 eo
1625 2983 1740 3062 animo,

372 3099 541 3155 uteorum
566 3089 729 3177 prudentia
753 3103 785 3159 et
808 3093 991 3160 auctoritate
1022 3095 1187 3180 negotium
1218 3090 1400 3160 huiusmodi
1425 3093 1495 3158 siue
1523 3087 1689 3169 scandalo,
1717 3088 1739 3154 si

372 3191 439 3260 fieri
469 3207 591 3281 posset,
624 3211 886 3285 componeretur,
919 3211 971 3265 aut
999 3199 1108 3265 saltem
1137 3199 1178 3280 si,
1211 3197 1298 3287 quod
1326 3195 1496 3265 verisimile
1526 3215 1607 3279 erat,
1635 3195 1741 3282 regina

372 3301 586 3387 suspicionem
611 3301 746 3390 aliquam
769 3301 831 3369 loci
855 3326 921 3369 non
946 3305 1004 3370 tuti
1027 3303 1188 3392 allegaret,
1219 3315 1351 3392 possent
1382 3325 1442 3369 nos
1471 3301 1510 3369 de
1539 3303 1584 3368 rei
1613 3302 1741 3369 veritate

372 3427 431 3492 pro
455 3405 571 3473 iustitia
594 3406 778 3496 exequenda
802 3409 915 3476 certius
939 3407 1120 3477 informare.
1166 3411 1339 3498 Postquam
1364 3431 1441 3476 vero
1464 3431 1515 3476 res
1538 3408 1638 3494 longe
1657 3405 1742 3473 aliter

372 3533 466 3599 quam
491 3511 694 3599 sperabamus
717 3515 881 3600 processit,
906 3525 937 3581 et
960 3517 1069 3602 regina
1092 3517 1122 3581 in
1147 3517 1217 3603 ipso
1241 3513 1305 3582 fere
1330 3515 1391 3583 litis
1415 3515 1505 3581 initio
1530 3526 1562 3580 et
1577 3511 1741 3601 appellavit

373 3629 404 3682 et
427 3618 641 3705 suspicionem
666 3617 728 3684 loci
751 3617 904 3705 allegavit,
928 3621 1062 3688 iustitiae
1079 3619 1188 3688 deesse
1211 3643 1278 3686 non
1300 3621 1462 3708 potuimus
1479 3632 1511 3687 et
1527 3619 1600 3686 ideo
1617 3641 1740 3686 causam

373 3721 554 3788 huiusmodi
577 3722 616 3788 ad
640 3746 700 3790 nos
723 3723 962 3807 advocavimus,
993 3749 1058 3792 non
1083 3723 1212 3814 quidem
1236 3725 1416 3794 inconsulte
1440 3737 1493 3793 aut
1516 3723 1555 3792 ad
1578 3725 1741 3791 cuiuscun-

373 3850 433 3914 que
464 3830 614 3913 gratiam,
645 3828 701 3895 sed
731 3852 764 3895 re
794 3829 973 3897 huiusmodi
1004 3846 1162 3920 tamquam
1194 3832 1299 3919 gravi,
1331 3843 1427 3918 prout
1454 3831 1554 3898 moris
1584 3841 1632 3897 est
1655 3828 1742 3896 Sedis

373 3930 588 4020 Apostolicae,
612 3945 676 4000 tam
701 3936 733 4001 in
757 3935 916 4022 signatura
939 3947 1063 4018 nostra,
1093 3934 1144 4002 ubi
1175 3936 1267 4024 primi
1295 3936 1423 4024 praelati
1446 3935 1611 4003 Romanae
1641 3934 1742 4001 curiae

373 4061 434 4104 una
458 4061 531 4104 cum
555 4037 692 4127 pluribus
713 4040 744 4106 S.
769 4040 806 4108 R.
831 4041 864 4106 E.
890 4040 1111 4122 cardinalibus,
1136 4053 1257 4108 mature
1282 4064 1445 4109 concussa.
1493 4041 1578 4108 Nam
1608 4041 1741 4108 iustitiae

373 4146 545 4210 convenire
570 4167 635 4211 non
659 4143 836 4228 videbatur,
861 4145 946 4234 quod
969 4148 1093 4233 regina,
1116 4169 1195 4236 quae
1224 4171 1262 4214 ex
1285 4146 1437 4235 Hispania
1465 4145 1600 4214 oriunda
1630 4159 1662 4214 et
1691 4167 1742 4212 rea

373 4261 530 4316 conventa
554 4263 633 4332 erat,
662 4251 750 4317 cuius
773 4249 877 4318 forum
901 4263 934 4318 tu
957 4263 1118 4338 tamquam
1141 4264 1228 4319 actor
1251 4253 1340 4340 sequi
1363 4251 1534 4334 tenebaris,
1564 4262 1741 4338 cogeretur,

373 4355 403 4419 in
433 4377 534 4442 regno
565 4357 778 4442 potentissimi
807 4357 921 4423 actoris
952 4378 1075 4421 causam
1109 4379 1196 4423 suam
1229 4355 1409 4424 defendere.
1457 4356 1541 4423 Nam
1565 4354 1740 4423 secundum

373 4461 540 4526 canonicas
563 4463 753 4544 sanctiones,
778 4461 829 4528 ubi
853 4480 940 4528 actor
963 4473 995 4526 et
1013 4483 1085 4526 reus
1108 4461 1266 4528 civitatum
1291 4473 1322 4528 et
1346 4460 1530 4531 dioecesum
1548 4460 1741 4530 diversarum

373 4576 455 4646 sunt,
480 4567 512 4632 in
536 4567 659 4634 civitate
682 4565 731 4633 vel
756 4565 893 4633 dioeoesi
917 4567 1032 4632 actoris
1056 4589 1147 4632 causa
1170 4565 1401 4635 committenda
1424 4591 1491 4635 non
1515 4573 1594 4651 est¹;
1618 4569 1741 4634 namin

374 4671 473 4736 causis
496 4671 719 4758 spiritualibus,
748 4685 783 4739 ut
805 4671 897 4760 paulo
925 4669 1005 4739 infra
1028 4669 1183 4752 dicemus,
1213 4673 1307 4739 etiam
1335 4675 1367 4738 in
1395 4696 1499 4760 regno
1527 4686 1583 4741 tuo
1608 4673 1741 4761 Angliae

386 4948 396 4961 ,
478 4887 487 4961 '¹
508 4879 598 4951 Vergl.
622 4881 729 4934 Decret.
749 4881 831 5004 Greg.
849 4884 894 4937 lX.
922 4884 964 4966 lib.
983 4882 1016 4937 11.
1040 4885 1078 4938 tit.
1098 4882 1129 4936 11.
1148 4882 1181 4937 de
1201 4883 1260 4937 foro
1279 4886 1452 4954 competenti,
1478 4903 1501 4939 c.
1521 4886 1539 4940 l.
1561 4886 1614 4939 und
1632 4903 1656 4940 c.
1671 4883 1739 4940 Vlll.

374 4949 443 5004 bum
463 4961 495 5002 sit
514 4949 648 5020 generale,
669 4959 695 5004 ut
714 4964 789 5008 actor
818 4969 894 5008 orum
913 4971 951 5008 rer
970 4963 1100 5026 sequatur.
