3782 5532
347 323 388 386 74
1104 365 1108 376 ·
1545 335 1620 408 April
1643 351 1715 408 ¹5²9·

346 507 377 564 11
400 494 586 584 displacere3
617 519 694 584 pure
711 495 857 564 havendo
881 497 913 563 io
931 495 1018 564 detto
1042 494 1123 578 lor0,
1148 495 1206 564 che
1228 520 1295 564 non
1320 521 1353 565 se
1376 520 1417 566 ne
1434 495 1571 565 essendo
1594 472 1639 564 fin
1663 496 1716 586 qui

344 601 463 690 parlato
487 625 549 669 con
566 602 628 671 Sua
644 603 762 670 Santita
786 625 842 692 per
863 603 896 670 lo
912 601 1144 691 impedimento
1169 602 1208 670 de
1224 602 1251 670 la
1274 602 1433 672 infermita
1457 603 1488 671 di
1508 603 1570 671 Sua
1586 603 1716 685 3111111,

243 752 248 761 -
346 707 490 776 debbano
519 721 673 797 aspettare
701 708 729 776 la
758 708 952 777 resolutione
981 708 1012 777 di
1040 708 1103 776 Sua
1125 708 1337 792 Beatitudine,
1366 722 1480 777 stanno
1509 732 1625 777 ancora
1653 731 1715 776 con

345 827 454 903 questa
470 817 712 904 aspettatione«,
736 827 768 883 et
792 814 899 898 cred0‚
922 815 951 882 la
967 813 1119 903 principal
1142 839 1233 882 causa
1257 814 1286 882 di
1307 835 1421 905 questo
1444 817 1569 904 spaccio
1593 816 1639 882 sia
1661 837 1717 902 per

345 920 490 988 solecitar
514 933 544 988 et
567 923 703 1009 stringes
726 921 758 988 di
780 944 879 1004 novo,
904 921 1019 1009 perche
1042 943 1084 988 ne
1108 923 1220 988 cavino
1244 921 1374 1011 qualche
1397 921 1619 990 resolutione.¹

451 1027 495 1094 La
526 1027 700 1116 penultima
732 1027 841 1095 lettera
873 1026 904 1094 di
930 1027 970 1094 V.
987 1027 1032 1102 ,8.
1064 1025 1095 1094 (11
1125 1027 1188 1093 XV
1218 1038 1249 1094 et
1278 1027 1356 1095 XVI
1388 1026 1420 1095 di
1452 1026 1590 1096 febbraio
1621 1028 1717 1115 porto

345 1133 501 1221 Monsigr.
526 1132 557 1200 di
584 1133 724 1220 Langes,
756 1132 783 1201 el
811 1131 881 1224 qual
910 1137 927 1200 ὲ
956 1133 1009 1222 qui
1035 1153 1155 1200 venuto
1187 1155 1243 1221 per
1273 1132 1454 1201 »sollecitar
1482 1145 1595 1222 questo
1623 1155 1656 1199 re
1686 1150 1717 1199 11

344 1239 542 1308 Eboracense
566 1239 622 1306 alla
645 1239 737 1308 solita
753 1238 1000 1320 contributione,
1023 1239 1053 1305 la
1068 1238 1168 1328 quale,
1192 1238 1336 1306 secondo
1360 1241 1404 1305 mi
1427 1238 1496 1307 dice
1517 1239 1548 1307 S.
1565 1239 1596 1306 S.
1614 1239 1717 1320 Rma,

346 1349 363 1411 1
388 1345 417 1412 di
442 1344 530 1413 scudi
557 1367 571 1432 3
579 1367 593 1432 3
620 1345 694 1413 mila
722 1345 752 1413 di
780 1345 848 1412 sole
877 1346 906 1412 el
929 1367 1032 1426 mese,
1062 1357 1093 1414 et
1116 1343 1245 1412 l’hanno
1270 1357 1381 1433 pagata
1404 1344 1718 1413 continualmentea

345 1463 454 1539 questa
476 1453 588 1538 ragion
613 1451 661 1519 dal
686 1475 774 1519 mese
798 1451 828 1520 di
854 1453 975 1540 giugno
1000 1449 1050 1519 del
1075 1471 1115 1538 27
1140 1473 1195 1539 per
1218 1461 1301 1518 tutto
1325 1451 1354 1518 el
1379 1453 1438 1533 28;
1471 1451 1549 1517 hora
1571 1448 1602 1517 di
1627 1472 1716 1517 novo

345 1555 365 1621 il
382 1556 631 1625 Cristianissimo
655 1557 684 1625 fa
699 1557 875 1639 intendere,
900 1579 986 1624 esser
1001 1556 1135 1625 risoluto
1159 1556 1190 1624 di
1207 1556 1270 1624 fare
1291 1558 1450 1645 l’impresa
1466 1567 1576 1625 contra
1592 1556 1718 1644 Spagna

345 1663 377 1728 in
401 1685 547 1750 persona,
572 1675 602 1731 et
625 1686 682 1752 per
702 1675 815 1753 questo
839 1662 987 1730 dimanda
1011 1661 1041 1729 di
1065 1665 1119 1751 piu
1143 1686 1204 1731 con
1226 1664 1304 1751 ogni
1327 1664 1473 1730 instantia
1498 1673 1529 1730 et
1551 1661 1662 1750 preghi
1686 1674 1718 1729 ct

345 1769 459 1859 cinque
483 1769 556 1836 mila
572 1769 688 1858 lnglesi
711 1770 815 1859 pagati
839 1782 870 1838 et
885 1772 931 1836 sei
948 1792 1027 1837 nave
1044 1781 1173 1851 armate,
1198 1768 1280 1837 dove
1297 1769 1494 1836 Eboracense
1519 1767 1717 1856 ragionando

346 1875 389 1940 mi
414 1875 453 1942 ha
470 1873 569 1958 detto,
593 1875 614 1942 il
630 1877 878 1944 Cristianissimo
901 1898 986 1943 esser
1008 1876 1108 1943 incid
1132 1888 1221 1943 tanto
1237 1875 1381 1957 risolut0,
1406 1874 1464 1942 che
1488 1897 1628 1942 nessuno
1645 1873 1717 1941 delli

346 1982 417 2047 suoi
440 1980 560 2048 ardisce
582 1981 658 2050 dirle
682 1984 712 2050 in
739 1985 909 2064 contrario,
933 2001 965 2050 et
989 1982 1047 2049 che
1070 2006 1087 2050 a
1106 1981 1253 2048 Madama
1277 1993 1308 2050 et
1331 1981 1422 2048 molti
1444 1981 1513 2050 altri
1536 2004 1604 2047 non
1627 1983 1716 2068 piace

346 2099 455 2176 questa
478 2089 623 2175 impresa,
648 2107 678 2156 et
700 2087 729 2154 la
752 2087 920 2175 giudicano
941 2110 1034 2156 come
1058 2087 1262 2176 impossibile,
1287 2086 1317 2154 di
1341 2086 1549 2175 grandissima
1572 2109 1662 2174 spesa
1686 2097 1718 2153 et

346 2191 510 2280 travagli0‚
540 2217 634 2262 senza
656 2217 804 2283 speranza
829 2194 859 2261 di
884 2193 986 2263 molto
1011 2193 1124 2277 lrutt03
1158 2206 1189 2262 et
1212 2195 1264 2284 qui
1288 2196 1437 2276 stimano,
1467 2193 1524 2261 che
1548 2192 1576 2259 la
1600 2215 1668 2258 non
1691 2192 1718 2258 si

345 2320 439 2385 possa
461 2298 536 2382 fare,
559 2303 601 2367 ne
624 2302 656 2367 in
679 2319 791 2389 tempo
816 2299 934 2383 debito,
958 2300 1134 2368 havendosi
1158 2301 1237 2368 hora
1259 2301 1466 2368 acominciar
1482 2323 1499 2366 a
1516 2296 1673 2366 condurre
1696 2298 1719 2364 li

345 2404 553 2473 Lanzchnech
582 2419 613 2474 et
636 2407 713 2474 altre
741 2408 844 2496 genti,
873 2406 947 2474 ch'il
975 2419 1086 2495 tempo
1115 2410 1183 2475 sard
1210 2417 1335 2495 passato
1360 2405 1390 2474 di
1419 2405 1465 2473 far
1488 2404 1619 2495 qualche
1644 2426 1719 2471 cosa

346 2512 445 2598 prima
470 2511 527 2579 che
551 2514 641 2580 siano
665 2512 826 2596 condotti,
856 2525 888 2580 et
911 2515 1049 2580 maxime
1073 2512 1210 2581 essendo
1233 2537 1251 2581 a
1274 2512 1376 2603 quelle
1399 2511 1553 2580 frontiere
1583 2510 1612 2578 le
1634 2522 1719 2578 terre

344 2615 419 2685 lorti
442 2630 474 2686 et
497 2617 518 2685 il
540 2642 633 2707 paese
658 2619 773 2704 sterile,
802 2623 828 2686 sl
852 2619 911 2687 che
935 2619 1060 2700 dican0,
1091 2643 1157 2688 non
1181 2620 1201 2685 ll
1225 2642 1311 2686 esser
1333 2618 1479 2706 foraggio
1502 2640 1559 2706 per
1583 2641 1625 2684 un
1649 2639 1716 2683 me·

345 2721 453 2792 diocte
470 2727 619 2793 exercito.
659 2723 869 2814 Comprendo
886 2749 1012 2807 ancora,
1037 2725 1095 2793 che
1118 2727 1219 2815 questi
1243 2749 1309 2792 non
1326 2724 1423 2791 fanno
1439 2723 1607 2792 volentieri
1629 2733 1716 2791 tanta

344 2851 434 2917 spesa
458 2842 489 2898 et
512 2831 570 2898 che
594 2831 779 2920 gl’incresce
802 2855 869 2899 non
893 2831 964 2898 solo
988 2831 1020 2899 di
1035 2831 1107 2921 quel
1130 2833 1195 2920 piu,
1219 2854 1271 2898 ma
1293 2831 1322 2898 la
1345 2829 1395 2898 del
1419 2829 1579 2896 ordinario
1599 2830 1715 2917 primo,

345 2935 365 3002 il
388 2935 478 3025 quale
501 2936 628 3026 quando
654 2937 841 3005 conclusero
866 2935 897 3005 di
921 2937 1019 3021 dar10,
1047 2937 1079 3005 fu
1102 2961 1158 3026 per
1181 2938 1209 3005 la
1231 2939 1368 3025 impresa
1392 2947 1502 3004 contra
1533 2935 1560 3002 la
1583 2933 1716 3002 Fiandra

345 3060 376 3108 et
394 3061 508 3131 questo
523 3065 618 3131 paese
640 3042 748 3127 bass03
771 3045 825 3133 poi
843 3043 1086 3125 considerand0,
1110 3043 1169 3112 che
1184 3062 1396 3131 guastaranno
1420 3041 1440 3109 il
1459 3042 1590 3130 proprio
1606 3040 1713 3123 hortu,

345 3158 376 3214 et
399 3147 457 3215 che
481 3160 594 3237 questo
623 3171 725 3236 regno
753 3173 794 3217 ne
821 3149 895 3218 hara
922 3152 1022 3238 patito
1051 3152 1139 3233 assai,
1163 3150 1337 3219 voltorono
1362 3148 1467 3237 quello
1496 3146 1631 3215 sussidio
1659 3169 1715 3234 per

344 3253 429 3320 Italia
452 3265 484 3322 et
506 3252 611 3322 fecero
628 3266 738 3344 tregua
762 3258 941 3346 conquesti
964 3259 1061 3345 paesi,
1084 3256 1112 3324 la
1128 3255 1219 3345 quale
1243 3255 1280 3323 da
1304 3279 1392 3322 novo
1408 3255 1516 3322 hanno
1539 3264 1714 3341 prorogato

344 3381 406 3427 con
431 3358 565 3428 disdetta
588 3358 619 3428 di
642 3360 693 3428 dui
720 3363 830 3429 mesi«

448 3465 538 3534 Sono
562 3469 632 3534 stati
651 3469 753 3556 questi
776 3469 881 3555 giomi
907 3470 967 3534 »in
992 3467 1185 3555 consiglio
1209 3491 1302 3555 sopra
1318 3485 1427 3557 questa
1451 3467 1590 3547 materia,
1615 3477 1647 3532 et
1670 3465 1714 3530 mi

344 3570 413 3640 dice
436 3572 649 3656 Ehoracense,
678 3573 736 3642 che
757 3597 835 3663 pure
859 3575 1019 3656 vorriano,
1050 3575 1109 3642 che
1132 3575 1194 3642 Sua
1217 3574 1336 3642 Santita
1365 3571 1519 3640 indicesse
1548 3571 1576 3638 la
1604 3582 1714 3660 tregua

343 3676 486 3746 biennale
509 3678 566 3747 sub
590 3681 740 3762 censuris,
764 3679 957 3763 dicendomi,
982 3680 1040 3748 che
1064 3683 1095 3747 in
1119 3683 1217 3748 verita
1240 3681 1301 3748 essi
1325 3702 1391 3746 non
1415 3678 1523 3747 hanno
1548 3701 1638 3745 causa
1662 3701 1713 3746 ur-

343 3802 439 3871 gente
469 3783 500 3851 di
527 3784 572 3852 far
595 3785 623 3853 la
650 3809 763 3874 guerra
791 3788 821 3852 in
846 3787 988 3875 Spagna3
1024 3810 1075 3854 ma
1104 3787 1177 3868 che,
1206 3785 1333 3876 quando
1357 3786 1475 3853 Cesare
1503 3807 1663 3852 recusasse
1686 3783 1713 3851 la

343 3899 454 3975 tregua
481 3912 537 3977 per
559 3893 693 3959 trattarsi
722 3892 750 3960 la
774 3915 865 3982 pace,
897 3891 1016 3960 allhora
1042 3917 1083 3959 ne
1112 3892 1297 3960 harebbono
1325 3894 1428 3980 giusta
1456 3914 1562 3973 causa,
1590 3889 1713 3958 benche

343 3993 374 4060 S.
398 3994 430 4061 S.
454 3995 545 4064 Rma.
570 4019 695 4084 sempre
724 3999 768 4064 mi
791 3999 1000 4087 suggiunghi,
1030 3999 1088 4066 che
1114 3997 1157 4066 lui
1185 4021 1217 4064 sa
1241 4009 1340 4080 certo,
1370 3997 1428 4065 che
1452 3997 1483 4064 S.
1507 3997 1552 4064 M.
1578 3996 1714 4064 Cesarea

343 4101 507 4167 accettaria
529 4100 557 4168 la
579 4113 700 4190 tregua,
724 4115 756 4171 et
778 4126 834 4191 per
849 4115 963 4193 questo
986 4103 1018 4170 lo
1044 4104 1140 4172 eletto
1165 4105 1195 4171 di
1211 4104 1357 4193 Burgos²
1381 4114 1507 4170 oratore
1524 4103 1577 4192 qui
1600 4103 1626 4169 si
1650 4120 1713 4169 tor-

343 4221 437 4288 nava‚
467 4205 488 4272 il
510 4206 600 4296 quale
628 4208 725 4277 multa
753 4211 786 4275 in
809 4209 872 4277 hoc
901 4209 940 4277 de
963 4211 1178 4300 propensione
1202 4209 1346 4278 Caesaris
1373 4209 1413 4277 ad
1439 4232 1566 4298 pacem,
1595 4228 1626 4277 11
1654 4208 1713 4276 che

343 4315 432 4379 verra
455 4311 512 4380 alle
541 4311 669 4381 confine
692 4339 709 4381 a
732 4327 871 4383 trattar«.
918 4317 961 4383 La
989 4318 1135 4403 ragione,
1166 4316 1224 4384 che
1248 4317 1288 4383 V.
1313 4317 1344 4383 S.
1369 4317 1470 4383 scrive
1498 4337 1554 4403 per
1581 4314 1713 4384 l'ultime

342 4421 553 4432 -ω-β-ο-,ι-

449 4479 458 4510 ¹
477 4472 528 4526 Die
540 4471 634 4540 Sache,
653 4491 698 4527 um
717 4473 759 4528 die
779 4491 808 4528 es
826 4475 883 4528 sich
902 4475 959 4529 hier
977 4474 1092 4542 handelt,
1111 4477 1145 4530 ist
1163 4477 1259 4530 immer
1277 4474 1378 4529 wieder
1397 4475 1443 4529 das
1456 4473 1712 4546 Erganzungsbreve

343 4559 396 4597 von
415 4543 495 4615 Papst
513 4543 596 4614 Julius
610 4542 652 4611 11,
671 4543 767 4598 dessen
787 4544 949 4599 Unechtlreit
967 4563 1029 4600 man
1048 4546 1075 4600 in
1094 4546 1216 4617 England
1234 4547 1282 4600 mit
1300 4545 1422 4600 solchem
1440 4544 1512 4599 Eifer
1531 4562 1561 4598 zu
1581 4545 1713 4599 erweisen

342 4615 399 4668 sich
417 4613 552 4668 bemdhte.
590 4613 774 4686 Campeggios
787 4615 968 4687 Vermutung,
987 4615 1043 4670 dass
1062 4616 1118 4670 dies
1137 4618 1180 4670 ein
1198 4617 1256 4671 Hau
1275 4616 1378 4670 tzweclr
1397 4617 1444 4670 der
1462 4615 1561 4669 letzten
1579 4614 1712 4670 Gesandt·

343 4683 428 4739 schaft
451 4685 520 4739 nach
539 4684 609 4738 Rom
633 4701 761 4756 gewesen
785 4687 837 4752 sei,
860 4685 941 4740 findet
964 4687 1021 4740 ihre
1045 4687 1221 4760 Bestatigung
1263 4687 1327 4742 urch
1351 4687 1392 4742 die
1411 4685 1572 4740 Instruktion
1585 4685 1712 4760 Wolseys

343 4772 406 4809 vom
432 4756 472 4810 28.
497 4755 542 4808 xl.
564 4756 630 4823 1528
655 4756 782 4824 (Brewer,
807 4757 851 4810 IV.
876 4775 901 4811 n.
921 4772 938 4823 4
957 4759 1001 4826 78)
1026 4758 1079 4811 und
1101 4758 1184 4813 durch
1206 4759 1253 4813 das
1272 4758 1416 4812 Schreiben
1435 4759 1489 4828 Jac.
1507 4757 1629 4811 Salviatis
1649 4774 1712 4811 vom

347 4841 384 4879 10.
404 4825 449 4880 lV.
472 4841 546 4898 1529.
584 4827 661 4880 Rusc.
682 4827 750 4881 Lett.
770 4825 796 4880 di
814 4826 866 4881 div.
884 4828 927 4894 641
949 4845 970 4898 5,
990 4829 1135 4883 Porcacchi
1152 4829 1169 4884 l.
1189 4846 1212 4884 c.
1232 4844 1273 4903 29.

448 4897 553 4967 ²1nigo
573 4896 606 4950 de
624 4896 767 4964 Mendoza,
790 4897 931 4952 erwthlter
951 4899 1063 4953 Bischof
1078 4917 1131 4954 von
1151 4900 1263 4971 Burgos,
1283 4899 1433 4955 Gesandter
1451 4897 1528 4953 Karls
1541 4897 1573 4952 V.
1593 4899 1620 4952 in
1639 4899 1711 4970 Eng-

344 4965 411 5020 land.
449 4966 475 5020 S.
495 4976 576 5020 unten
595 4967 637 5022 die
656 4966 960 5040 Schlussbemerlrungen
979 4987 1010 5024 zu
1029 4969 1075 5024 Nr.
1094 4983 1136 5040 45.
