3810 5528
1465 308 1620 362 November
1642 321 1716 378 1529.

455 469 566 522 Abreise
589 487 635 522 aus
655 469 767 523 London
791 470 832 523 die
857 471 972 542 Schiage
995 487 1085 542 gegen
1104 470 1217 542 Woisey
1241 471 1402 523 vorbereitet
1423 485 1521 523 waren.
1559 468 1621 520 Von
1648 465 1716 520 ailen

455 557 616 628 Deutungeu
642 556 766 611 indessen
791 559 855 612 iiber
878 558 929 612 den
954 559 1048 612 Zweck
1072 557 1118 612 der
1143 557 1374 630 unerquicklicheu
1397 557 1611 628 Dutchsuchung
1637 554 1716 608 bleibt

455 645 550 698 iinmer
568 645 611 698 die
629 645 905 713 wahrscheinlichste,
930 646 986 700 dass
1006 665 1034 700 es
1057 647 1113 700 sich
1132 646 1207 700 dabei
1231 664 1277 700 um
1295 645 1487 700 Brieischaften
1511 643 1574 699 aller
1594 644 1649 708 Art,
1670 660 1717 695 vor

455 733 534 786 allent
553 734 616 786 aber
635 751 679 787 11111
698 734 740 787 die
760 734 947 805 vielgeuannte
965 734 1162 788 Dekretalbuile
1187 734 1331 805 gehandelt
1349 735 1430 798 habe;
1457 735 1519 788 aber
1537 733 1618 787 selbst
1637 749 1716 784 wenti

454 839 515 874 man
539 822 655 876 dieselbe
680 821 814 892 gesunden
838 822 925 889 hatte,
949 824 1040 876 winde
1064 823 1120 878 sich
1141 822 1266 895 Woiseys
1286 821 1341 876 Fail
1365 823 1442 876 haunt
1468 823 1556 878 haben
1578 819 1717 874 aufhalteu

454 910 549 977 lassen,
568 910 619 964 viel
639 911 703 964 eher
721 910 812 964 wurde
831 911 957 966 Heinrich
975 913 1107 965 nunmehr
1126 895 1325 982 eigenmzichtig
1343 909 1391 964 aus
1406 910 1498 964 Grund
1517 909 1564 962 der
1583 907 1656 962 Buile
1675 906 1717 959 die

454 997 607 1069 Scheidung
624 999 767 1070 voilzogen
785 999 838 1052 und
857 1000 935 1053 Anna
954 999 1057 1072 Boleyn
1077 999 1224 1070 geheiratet
1244 999 1338 1053 haben.

1001 1197 1059 1278 rt.

477 1354 711 1440 Campeggio
736 1376 774 1420 an
798 1355 871 1439 jac.
897 1354 1064 1421 Salviati.
1111 1355 1206 1435 Paris
1231 1375 1260 1438 9.
1285 1352 1470 1421 November
1500 1371 1590 1436 1529.

453 1513 568 1581 Audiui(
590 1513 629 1565 bei
647 1513 733 1582 Franz
751 1513 781 1577 1.,
804 1514 890 1583 grosse
912 1513 1069 1584 Gerteigtheit
1088 1515 1129 1566 des
1147 1516 1272 1582 leitterrn,
1295 1531 1375 1584 gegen
1395 1514 1450 1564 eine
1469 1511 1655 1580 Ermrissigurtg
1673 1509 1720 1560 der

347 1617 381 1651 an
399 1601 447 1652 den
467 1600 560 1653 Kaiser
582 1619 612 1670 (u
635 1601 770 1671 zahinrdrrt
793 1601 969 1654 Geldsrtmmen
994 1603 1044 1654 sich
1067 1605 1094 1654 in
1112 1602 1270 1655 desondercm
1290 1601 1374 1668 Messe
1397 1617 1431 1652 an
1453 1600 1509 1651 dem
1534 1596 1722 1666 Trirkertkricge

347 1706 377 1756 {u
395 1689 534 1758 betriligen.
569 1689 689 1742 Gadanke
707 1691 777 1742 einer
790 1690 1014 1760 Zusurrtmenlrunst
1033 1691 1153 1759 (witchar
1174 1689 1289 1742 Clemens
1306 1689 1329 1740 V
1328 1688 1371 1752 IL,
1391 1687 1460 1741 Karl
1476 1687 1502 1738 V.
1524 1686 1576 1769 tend
1595 1684 1681 1752 Fran(
1699 1683 1719 1736 1.

453 1829 632 1916 Magnifice.
680 1830 739 1896 Per
767 1855 811 1896 un
838 1830 913 1896 altra
942 1831 1004 1896 mia
1032 1831 1125 1897 avisai
1150 1831 1266 1897 Vostra
1295 1829 1441 1918 Signoria
1472 1826 1512 1894 de
1540 1826 1572 1892 1ο
1604 1827 1721 1892 arrivar

347 1935 414 2000 mio
439 1936 473 2000 in
498 1935 617 2022 Parigi‚
645 1934 813 2004 scrivendo
842 1949 960 2024 quanto
989 1935 1106 2003 allhora
1135 1939 1178 2002 mi
1203 1959 1390 2018 occorreva;
1425 1934 1513 2021 dipoi
1541 1933 1664 2000 titornd
1693 1929 1721 1996 la

346 2039 467 2107 Maesti
483 2041 738 2122 Cristianissirna,
762 2042 789 2108 11
813 2042 903 2131 quale
927 2041 1066 2108 volendo
1090 2045 1189 2130 prima
1213 2041 1302 2108 odire
1326 2041 1347 2108 ii
1369 2041 1478 2107 noncii
1502 2038 1533 2107 di
1557 2039 1619 2104 Sua
1643 2037 1722 2103 San-

346 2146 401 2211 rita
429 2165 460 2212 et
484 2146 504 2212 li
528 2148 646 2214 oratori
669 2147 801 2235 Anglesi
828 2149 990 2236 interpose
1019 2172 1062 2214 un
1089 2149 1205 2236 giorno
1229 2148 1287 2214 aila
1309 2149 1371 2213 mia
1394 2145 1568 2226 audientia,
1598 2155 1629 2210 et
1652 2145 1722 2208 cosi

346 2250 444 2338 hoggi
469 2275 552 2319 sono
580 2265 662 2320 stato
687 2276 749 2320 con
773 2253 835 2320 Sua
858 2253 979 2320 Maesti
1003 2253 1262 2335 Cristianissima‚
1291 2276 1352 2320 con
1381 2252 1409 2318 la
1437 2250 1527 2341 quale
1555 2249 1599 2316 ho
1623 2260 1722 2315 tocco

346 2357 373 2424 la
398 2360 541 2439 materia,
571 2357 602 2426 di
626 2359 684 2425 che
708 2360 748 2426 V.
773 2358 804 2425 S.
830 2361 872 2424 mi
897 2361 1012 2448 scrive,
1043 2359 1126 2425 ch'io
1150 2358 1277 2427 dovessi
1305 2361 1449 2447 spianare
1472 2357 1501 2423 al
1524 2378 1664 2424 vescovo
1689 2353 1722 2420 di

347 2463 492 2546 Corno¹;
525 2487 659 2531 1111111011
684 2466 727 2531 mi
752 2487 835 2531 sono
859 2465 962 2533 molto
980 2476 1089 2532 exteso
1114 2463 1353 2532 rimettendonri
1374 2463 1524 2552 aquello,
1549 2463 1608 2529 che
1624 2461 1656 2528 S.
1673 2460 1721 2526 M.

345 2587 461 2654 poteva
489 2568 603 2636 havere
632 2571 735 2636 inteso
765 2568 814 2636 dal
842 2569 930 2636 detto
955 2569 1118 2636 Comense
1148 2590 1177 2637 et
1203 2571 1260 2636 che
1288 2569 1345 2636 aila
1372 2570 1518 2656 giornata
1547 2591 1588 2634 ne
1617 2568 1723 2633 inten-

347 2673 497 2757 derebbe‚
526 2688 557 2742 et
579 2674 778 2763 ragionando
802 2674 833 2742 di
856 2687 965 2764 questa
992 2677 1122 2743 materia
1150 2677 1192 2742 ho
1217 2695 1342 2742 trovato
1366 2677 1399 2740 in
1422 2674 1453 2741 S.
1480 2675 1523 2739 M.
1548 2685 1635 2740 tanta
1660 2669 1725 2738 dis·

345 2781 506 2867 positione
532 2801 561 2848 er
585 2792 671 2848 tanta
694 2793 871 2867 prontezza‚
897 2781 954 2848 che
979 2785 996 2846 e
1020 2804 1093 2847 cosa
1118 2779 1313 2862 incredibile,
1338 2792 1370 2847 et
1393 2782 1425 2846 in
1449 2798 1563 2868 questo
1588 2773 1724 2844 articulo

346 2887 390 2952 mi
414 2887 452 2953 ha
481 2886 581 2968 detto,
609 2887 668 2953 che
690 2910 725 2952 se
752 2885 780 2952 la
803 2887 924 2954 Maesti
946 2887 1081 2954 Cesarea
1105 2887 1198 2953 vuole
1227 2885 1392 2953 rimetterli
1419 2910 1482 2952 una
1512 2905 1599 2972 parte
1629 2882 1669 2950 de
1694 2883 1725 2950 la

344 2991 567 3080 redemptione
590 3015 660 3074 sua,
685 2992 742 3058 che
766 2993 792 3058 si
816 2991 958 3079 obligava
982 3016 999 3057 a
1022 2995 1130 3059 venire
1158 2992 1415 3079 personaintente
1439 3013 1502 3058 con
1526 2991 1558 3058 lo
1581 2990 1726 3077 Impera-

344 3110 415 3166 tore
441 3117 471 3165 et
494 3098 700 3185 spenderavvi
724 3121 791 3162 non
815 3096 886 3163 solo
902 3109 981 3165 tutta
1005 3097 1106 3187 quella
1130 3117 1226 3185 parte,
1252 3100 1309 3165 che
1326 3097 1369 3185 gli
1393 3096 1477 3164 fusse
1502 3099 1645 3177 rimessa‚
1669 3119 1726 3162 tna

345 3227 411 3271 uno
436 3203 566 3270 ruilione
591 3203 621 3270 di
644 3203 708 3290 piri,
733 3214 764 3269 et
780 3202 838 3269 che
861 3225 954 3269 senza
977 3215 1089 3292 questo
1113 3226 1238 3291 sempre
1261 3203 1325 3270 sard
1347 3215 1431 3271 tutto
1448 3202 1554 3291 quello
1579 3200 1726 3268 afavore

346 3309 385 3377 de
407 3309 435 3375 la
451 3311 597 3398 impresa,
622 3309 680 3376 che
704 3332 759 3396 per
775 3309 816 3376 N.
834 3308 969 3396 Signore
993 3312 1060 3375 sard
1083 3308 1232 3391 indicate,
1257 3310 1315 3377 che
1332 3309 1362 3375 S.
1380 3310 1425 3376 M.
1450 3307 1551 3376 debba
1576 3319 1607 3374 et
1626 3331 1725 3396 possa

345 3415 424 3496 fare,
454 3427 485 3482 et
508 3417 574 3481 cosl
597 3413 724 3481 afferma
749 3427 780 3482 et
803 3414 912 3496 vuole,
942 3415 999 3482 che
1023 3438 1079 3503 per
1101 3427 1184 3483 tutto
1212 3414 1345 3496 sidicat,
1376 3437 1470 3482 come
1495 3414 1526 3482 di
1550 3425 1635 3482 tutto
1661 3413 1726 3481 Sua

345 3521 463 3588 Santiti
493 3519 607 3586 haverd
634 3520 686 3606 piu
716 3521 849 3607 copioso
878 3521 964 3586 aviso
989 3519 1038 3586 dal
1065 3520 1185 3607 prefato
1211 3522 1362 3608 episcopo
1387 3519 1563 3588 Comense.
1612 3521 1659 3587 Mi
1685 3520 1727 3588 ha

345 3626 433 3693 detto
462 3649 593 3707 ancora,
624 3625 682 3692 che
711 3624 837 3713 quando
867 3625 928 3691 Sua
952 3625 1071 3693 Santirt
1098 3627 1124 3691 si
1151 3627 1256 3714 voglia
1284 3626 1443 3694 condurre
1468 3651 1486 3692 a
1508 3627 1664 3694 Piacenza
1694 3639 1727 3694 et

345 3732 462 3798 Cesare
492 3733 523 3797 in
548 3733 633 3812 Asti,
662 3731 720 3797 che
750 3730 791 3797 lui
820 3733 845 3796 si
870 3730 1025 3797 condurrd
1053 3730 1119 3798 fino
1144 3756 1159 3797 a
1183 3731 1320 3814 Turino‚
1350 3733 1519 3800 acciocche
1549 3731 1588 3799 da
1619 3736 1726 3823 questi

344 3834 455 3923 luoghi
478 3839 504 3902 si
529 3859 667 3924 possano
692 3834 859 3916 condurre‚
883 3859 945 3902 ove
961 3836 1243 3905 commodantente
1258 3839 1391 3926 possino
1408 3837 1601 3920 abboccarsi‚
1627 3862 1727 3907 come

344 3943 384 4007 V.
409 3941 440 4007 S.
465 3943 518 4028 piri
546 3940 757 4029 amplamente
787 3940 951 4008 intenderi
979 3965 1035 4028 per
1057 3941 1167 4009 lettere
1196 3943 1224 4010 di
1251 3967 1323 4011 esso
1347 3967 1501 4026 vescov0,
1531 3943 1562 4012 di
1587 3945 1648 4012 che
1680 3946 1726 4012 ho

343 4045 455 4114 voluto
478 4047 569 4112 anch'
586 4047 618 4111 io
642 4047 800 4112 scriverne
824 4047 925 4135 questi
948 4047 1044 4134 pochi
1059 4049 1140 4114 versi
1164 4048 1316 4136 sapendo‚
1341 4069 1461 4137 quanto
1480 4052 1583 4138 prima
1607 4073 1726 4138 ponno

344 4153 478 4218 arrivare
502 4153 582 4216 costi
605 4161 715 4239 queste
739 4153 803 4218 mie
827 4151 946 4234 lettere,
971 4151 1028 4218 che
1052 4176 1120 4219 non
1143 4156 1237 4241 potrd
1262 4156 1303 4221 io.

450 4256 579 4322 Dimani
603 4258 647 4321 mi
662 4267 752 4343 parto
777 4254 809 4322 di
825 4261 886 4344 qud
909 4278 940 4323 et
963 4259 1151 4324 continuari)
1175 4259 1195 4325 il
1212 4262 1349 4342 camino,
1373 4275 1494 4349 quanto
1514 4284 1570 4348 per
1595 4261 1727 4330 lamala

344 4363 393 4428 via
417 4379 447 4427 et
470 4383 526 4448 per
550 4359 577 4427 la
600 4363 664 4427 mia
687 4360 854 4428 debolezza
878 4363 922 4429 mi
945 4365 1011 4430 sari
1035 4386 1200 4431 concesso.

451 4483 492 4547 Di
516 4483 618 4568 Parigi
642 4482 691 4548 alli
715 4504 733 4567 9
759 4482 789 4549 di
813 4482 987 4550 novembre
1017 4505 1109 4569 1529.

946 4606 1001 4674 Uti
1024 4607 1105 4675 filius

1247 4700 1282 4765 L.
1308 4699 1379 4766 Car.
1406 4701 1613 4790 Campegius

347 4913 351 4924 ι
453 4854 461 4882 ¹
480 4845 563 4898 Cisar
582 4845 721 4912 Trivultio‚
741 4847 852 4900 Bischof
867 4867 919 4902 von
934 4851 1031 4916 Conto,
1050 4853 1215 4925 Nachfolger
1234 4855 1280 4909 des
1301 4857 1440 4912 Kardinais
1460 4860 1596 4914 Giovanni
1613 4863 1727 4918 Salviati

346 4932 371 4966 111
392 4914 437 4966 der
458 4913 655 4968 franzosischen
674 4915 821 4970 Nuntiatur.
1172 4953 1176 4960 -
