3810 5528
1542 318 1592 390 Juli
1614 333 1692 386 1530.

425 484 483 538 hier
507 483 685 553 nritgeteilten
704 485 851 556 Vorgange
877 485 936 548 hin,
960 501 1004 537 urn
1029 483 1081 536 den
1100 481 1230 536 Vorwurf
1251 482 1297 536 der
1319 479 1517 550 Abhdngiglreit
1542 478 1595 532 und
1614 475 1693 530 Will-

426 571 566 642 lahriglreit
586 572 633 626 des
646 571 758 643 Papstes
777 589 867 644 gegen
882 572 945 626 Karl
958 573 990 626 V.
1010 589 1041 626 zu
1060 569 1217 625 entlcriften.
1253 570 1348 642 Spiter
1361 566 1554 622 wiederlrolten
1572 567 1629 620 sich
1649 565 1694 619 die

426 658 532 731 Klagen
555 659 602 714 des
626 660 733 714 Kaisers
758 662 828 715 noch
852 660 998 715 mehrfach.
1020 692 1050 700 -
1070 659 1173 714 Soweit
1195 659 1238 712 die
1261 658 1403 729 Depesche
1422 674 1486 711 vom
1510 655 1551 710 26.
1570 655 1630 726 Juni
1648 654 1693 707 die

426 749 563 820 englische
583 748 668 819 Frage
688 749 837 816 behandelt,
857 751 891 804 ist
909 750 948 803 sie
967 749 1009 802 die
1023 749 1148 802 Antwort
1166 747 1215 801 auf
1229 747 1271 800 die
1289 744 1527 816 vorhergehenden
1546 743 1695 797 Schreiben

425 837 546 891 Salviatis
566 854 630 891 vom
652 852 701 905 14,
720 838 804 892 bezw.
828 853 848 906 5.
868 838 936 909 Juni.

974 1086 1039 1170 85.

484 1244 663 1312 Clemens
683 1246 753 1313 Vll.
778 1267 816 1311 an
841 1245 1024 1322 Heinrich
1044 1243 1126 1312 VIII.
1173 1244 1268 1325 Rom,
1293 1263 1323 1327 9.
1347 1241 1407 1326 Juli
1435 1260 1527 1326 1530.

427 1402 547 1474 Seradrang
569 1405 611 1456 des
629 1404 682 1472 job.
703 1404 829 1457 Antonius
848 1403 943 1468 Pulleo,
967 1404 1066 1456 Barous
1084 1421 1135 1456 uon
1156 1403 1263 1474 Burgio,
1286 1403 1323 1455 als
1344 1400 1455 1453 Nuntius
1479 1399 1542 1452 arach
1562 1398 1696 1468 England,

320 1511 361 1545 arm
380 1493 437 1544 dem
457 1491 544 1562 Konig
567 1492 608 1544 die
629 1491 757 1561 Gesabren
781 1494 827 1544 der
848 1491 1013 1545 Christeaheit
1036 1492 1115 1560 durch
1138 1493 1180 1543 die
1201 1490 1341 1543 trIrIrr'scheu
1362 1489 1507 1558 Rustungea
1530 1487 1694 1555 durqulegen.

320 1581 409 1633 Dabar
429 1581 624 1650 Beglaubigung
634 1580 686 1650 sair
704 1581 771 1633 diere
790 1581 842 1632 und
860 1581 955 1633 andere
974 1579 1210 1651 Angelegmheitea,

743 1721 823 1808 Regi
847 1721 991 1809 Angliae.

426 1844 606 1911 Carissime.
646 1845 734 1912 Licet
757 1846 938 1933 nuperrime
962 1844 1142 1912 dederimus
1165 1843 1281 1911 litteras
1305 1841 1344 1909 ad
1360 1841 1569 1909 Serenitatem
1586 1838 1694 1906 Tuam

320 1973 413 2039 super
437 1951 534 2018 totius
559 1951 790 2018 christianitatis
818 1949 964 2039 periculis
992 1950 1029 2017 ab
1053 1951 1285 2017 immanissimo
1309 1949 1416 2016 Turca
1442 1943 1696 2026 imminentibus,

320 2055 408 2145 quod
438 2055 579 2124 officium
612 2059 706 2124 etiarn
741 2081 812 2125 curn
843 2058 954 2126 ceteris
987 2056 1163 2124 christianis
1195 2054 1388 2143 principibus
1418 2053 1539 2121 executi
1573 2074 1697 2132 sumus,

320 2175 426 2231 tamen
452 2161 601 2231 effluente
624 2165 657 2230 in
674 2163 741 2230 dies
763 2176 910 2252 tempore
932 2176 962 2230 et
979 2164 1096 2230 nuntiis
1120 2186 1158 2228 ex
1182 2163 1306 2230 oriente
1329 2159 1445 2227 famam
1470 2159 1599 2225 maximi
1622 2156 1699 2224 belli

321 2289 353 2336 et
376 2289 539 2358 apparatus
564 2269 685 2337 hostilis
710 2293 776 2337 non
800 2269 903 2336 solum
922 2269 1194 2350 confirmantibus,
1218 2267 1274 2336 sed
1293 2266 1490 2356 augentibus,
1513 2262 1697 2333 laciendum

321 2375 413 2442 nobis
438 2375 595 2457 duximus,
624 2396 658 2443 ut
682 2399 741 2464 pro
769 2375 897 2464 periculi
926 2375 1143 2463 magnitudine
1172 2387 1203 2442 et
1226 2374 1460 2463 propinquitate
1488 2371 1598 2439 litteris
1626 2394 1696 2438 non

322 2481 465 2547 contenti
493 2505 549 2570 per
577 2485 707 2550 nuntios
738 2485 832 2550 etiam
862 2493 991 2550 nostros
1022 2482 1101 2548 hanc
1129 2503 1196 2548 rem
1228 2503 1424 2568 urgeremus.
1471 2479 1579 2568 Itaque
1608 2476 1698 2566 quod

322 2585 530 2654 Serenitatem
554 2587 659 2655 Tuam
690 2590 771 2656 inter
802 2588 934 2656 eosdem
967 2590 1124 2677 principes
1153 2599 1291 2676 spectata
1323 2585 1487 2674 religionis
1518 2586 1633 2652 virtute
1666 2595 1700 2649 et

322 2694 507 2761 auctoritate
532 2695 736 2782 conspicuam
760 2693 944 2762 videbamus
971 2697 1004 2761 in
1028 2719 1126 2784 eaque
1153 2716 1244 2782 spem
1270 2699 1419 2780 magnam
1449 2693 1541 2759 huius
1572 2691 1640 2779 piae
1666 2703 1700 2756 et

322 2799 462 2867 salutaris
479 2798 674 2867 defensionis
697 2801 779 2868 inter
795 2813 918 2868 ceteros
938 2802 1096 2888 principes
1115 2800 1359 2889 reponebamus,
1383 2797 1508 2866 adeam
1526 2797 1578 2864 dil.
1595 2795 1700 2863 filiurn

323 2906 500 2983 Antonium
534 2904 720 2972 Pulleonem
755 2905 908 2973 baronem
943 2907 1049 2993 Burgii
1084 2908 1230 2974 nuntium
1265 2919 1412 2973 nostrum
1448 2902 1591 2971 doctrina
1625 2925 1702 2990 pru·

324 3010 491 3099 dentiaque
515 3035 570 3078 sua
599 3011 690 3078 nobis
714 3011 881 3100 probatum
906 3013 1078 3102 animoque
1103 3025 1134 3079 et
1156 3035 1274 3099 genere
1299 3010 1456 3093 nobilem,
1488 3011 1576 3077 cuius
1600 3031 1702 3096 opera

324 3117 356 3182 in
380 3115 445 3183 aliis
462 3116 553 3184 huius
577 3129 702 3185 sanctae
718 3117 808 3185 Sedis
831 3117 1040 3207 legationibus
1065 3119 1111 3185 usi
1128 3142 1248 3199 sumus,
1273 3116 1464 3186 mittendum
1482 3116 1640 3197 duximus,
1665 3129 1703 3182 ut

325 3245 380 3308 per
404 3246 476 3290 eum
501 3223 591 3291 latius
616 3234 647 3290 et
663 3222 804 3291 diffusius
829 3225 905 3292 haec
929 3238 960 3292 et
979 3224 1131 3292 nonnulla
1154 3224 1211 3291 alia
1235 3223 1274 3290 ad
1290 3223 1540 3291 sublevationem
1565 3219 1702 3289 afflictae

325 3327 556 3396 christianitatis
588 3331 776 3417 pertinentia
799 3329 888 3397 Tuae
921 3331 1087 3398 Serenitati
1117 3329 1379 3419 significaremus.
1427 3330 1536 3412 Quam
1568 3326 1702 3419 quidem

326 3434 530 3501 exhortamur
554 3435 584 3501 in
610 3435 755 3502 Domino
780 3455 811 3503 et
834 3459 893 3526 pro
917 3456 1024 3504 nostra
1048 3438 1079 3503 in
1104 3459 1173 3504 eam
1202 3438 1301 3504 veteri
1324 3435 1548 3504 benevolentia
1572 3448 1604 3502 et
1622 3457 1703 3502 con-

325 3541 489 3608 iunctione
517 3543 714 3630 requirimus,
745 3555 778 3610 ut
808 3545 911 3631 ipsum
942 3543 1118 3610 Iohannem
1151 3543 1330 3610 Antonium
1361 3544 1508 3610 nuntium
1541 3553 1703 3624 nostrum,

326 3646 406 3712 sicut
422 3669 537 3713 omnes
560 3659 689 3714 nostros
714 3647 805 3717 solita
826 3661 884 3731 est,
908 3647 1045 3736 benigne
1069 3651 1227 3737 suscipere
1250 3647 1421 3738 audireque
1438 3647 1513 3716 velit
1537 3649 1627 3716 acin
1652 3647 1704 3714 his

328 3751 477 3818 omnibus
501 3764 532 3819 et
555 3753 792 3843 quibuscunque
808 3753 898 3822 Tuae
922 3755 1088 3823 Serenitati
1112 3773 1225 3821 nostro
1249 3755 1382 3821 nomine
1406 3751 1579 3822 referendis
1602 3751 1703 3820 fidem

328 3855 489 3924 indubiam
513 3881 598 3925 nunc
622 3871 654 3926 et
677 3861 824 3947 quotiens
848 3860 995 3927 acciderit
1019 3858 1142 3928 habere.

435 3981 553 4048 Datum
577 3983 710 4065 Rornae,
736 4003 765 4068 9.
788 3982 856 4050 Iulii
885 4004 976 4070 1530.
1023 3986 1119 4050 Anno
1143 3986 1291 4072 septimo.

1461 4072 1596 4140 Blosius.

540 4228 616 4281 Rrev.
636 4228 699 4282 min.
720 4225 761 4282 cl.
774 4227 832 4282 VII.
852 4227 905 4282 vol.
926 4245 966 4299 31,
985 4246 1011 4284 n.
1031 4228 1090 4299 267.
1126 4229 1186 4300 Joh.
1207 4229 1269 4285 Ant.
1289 4229 1391 4296 Pulleo,
1414 4231 1503 4284 Baton
1522 4247 1576 4284 von
1595 4229 1707 4301 Burgio,

435 4331 492 4368 war
511 4315 553 4368 ein
572 4314 714 4382 Sizilianer‚
732 4324 783 4382 trat
802 4325 878 4370 unter
891 4316 1004 4371 Hadrian
1020 4316 1065 4371 VI.
1084 4318 1110 4370 in
1129 4316 1180 4370 den
1193 4318 1290 4372 Dienst
1309 4318 1356 4372 der
1368 4318 1450 4372 Kurie
1470 4319 1514 4373 ein
1533 4317 1587 4372 und
1606 4317 1708 4372 bellel-

436 4403 497 4457 dete
515 4403 542 4457 in
561 4403 612 4456 den
631 4403 916 4474 Jahren1523—,1526
935 4405 977 4459 die
992 4404 1112 4476 Stellung
1131 4406 1204 4460 eines
1224 4405 1391 4477 papstlichen
1410 4406 1526 4461 Nuntius
1545 4408 1572 4461 in
1584 4405 1708 4477 Ungzm.

437 4493 467 4545 ln
486 4492 575 4545 einem
588 4491 673 4546 Breve
686 4508 749 4544 vom
765 4507 787 4546 1.
800 4492 851 4562 Juii
866 4508 934 4562 1530
952 4493 1039 4560 (Brev.
1053 4494 1116 4547 min.
1132 4493 1185 4548 vol.
1201 4498 1245 4564 31)
1265 4493 1352 4549 erteilt
1365 4495 1421 4548 ihm
1440 4494 1488 4549 der
1500 4495 1581 4566 Papst
1600 4494 1709 4567 grosses

437 4580 495 4633 Lob
514 4595 612 4650 wegen
636 4578 722 4632 dieser
745 4579 892 4634 Nuntiatur.
930 4580 1021 4652 Vergl.
1044 4581 1164 4636 Monum.
1179 4582 1263 4638 Vatic.
1283 4568 1429 4638 Historiam
1453 4584 1530 4655 regni
1553 4583 1710 4656 Hungariae

437 4666 515 4722 illust.
535 4667 590 4720 Ser.
609 4667 642 4720 ll.
663 4666 742 4720 Tom.
763 4667 781 4719 Ι.
810 4667 961 4740 Einleitung
979 4685 1031 4724 von
1050 4667 1170 4736 Fralrnoi,
1191 4688 1214 4741 p.
1235 4671 1359 4725 XXVIII.
1391 4670 1471 4725 Seiae
1491 4671 1621 4743 Sendung
1638 4671 1710 4726 nach

438 4755 560 4825 England
586 4755 658 4808 batte
684 4755 761 4807 einen
787 4755 838 4808 viel
864 4754 1093 4826 ausgedehnteren
1119 4757 1222 4824 Zweclr‚
1249 4756 1287 4811 als
1314 4758 1360 4812 das
1387 4759 1472 4812 Breve
1498 4759 1609 4830 besagt;
1637 4757 1711 4813 deon

438 4843 537 4913 Burgio
556 4842 625 4895 blieb
649 4843 677 4894 in
694 4841 817 4912 England
840 4842 878 4896 bis
897 4844 923 4896 in
942 4843 993 4898 den
1011 4844 1062 4914 Juli
1083 4860 1158 4914 1533,
1181 4845 1205 4900 d,
1226 4845 1251 4900 h.
1271 4863 1303 4900 so
1324 4844 1406 4917 lange
1429 4845 1501 4900 noch
1526 4847 1595 4900 eben
1619 4845 1711 4918 einige

439 4928 577 4999 iioffnung
596 4947 659 4993 war,
679 4928 733 4981 dass
754 4929 877 4982 Heinrich
891 4929 962 4984 Vlll.
978 4932 1107 4986 Vernunft
1127 4934 1278 4988 annehmen
1298 4934 1364 4987 oder
1382 4935 1549 5005 wenigstens
1569 4936 1618 4988 mit
1631 4935 1711 4988 Anna
