3842 5532
350 310 413 374 234
1233 323 1383 379 Consilium
1403 342 1481 396 super
1500 342 1577 380 causa
1598 323 1721 396 Anglica.

349 508 443 573 quam
467 507 526 572 pro
543 507 631 552 novo
648 482 859 566 conciliand0‚
884 483 977 573 idque
1001 485 1028 550 si
1051 506 1118 551 non
1134 486 1257 552 ratione
1275 485 1400 552 honesti
1425 497 1456 552 et
1479 486 1562 567 iusti,
1586 495 1617 552 at
1633 507 1723 552 corn·

349 589 437 656 modi
462 589 572 657 saltem
597 603 628 658 et
651 588 787 658 scandali
812 588 949 658 evitandi
973 612 1074 671 causa,
1098 613 1177 678 quae
1201 589 1299 658 multa
1322 591 1396 658 hinc
1420 592 1535 657 exoriri
1557 598 1721 678 possunt.¹

455 695 555 776 Quod
571 697 596 762 si
613 695 787 777 obiiciatur,
812 697 986 762 maximum
1006 719 1044 762 ex
1059 698 1216 782 praesenti
1240 697 1446 763 matrimonio
1463 697 1630 763 imminere
1654 697 1723 783 regi

349 815 380 870 et
402 825 504 889 regno
527 801 772 869 incommodum
798 814 830 868 et
852 801 1025 890 periculum
1050 825 1088 868 ex
1112 825 1162 884 e0,
1192 800 1279 890 quod
1302 825 1356 890 spe
1388 801 1578 870 masculinae
1602 801 1723 868 sobolis

349 907 504 975 destitutis
529 908 663 975 multum
692 907 818 976 allatura
842 921 889 976 est
912 907 1111 976 incommodi
1136 909 1255 976 incerta
1279 910 1448 992 successio,
1478 907 1518 975 ad
1542 910 1629 976 cuius
1653 931 1724 996 per·

348 1016 566 1102 petuationem
595 1037 709 1082 ornnes
739 1027 847 1082 natura
875 1013 1071 1081 inclinamur.
1119 1015 1218 1096 Quod
1249 1013 1455 1082 confirmatur
1483 1015 1578 1082 etiam
1608 1037 1722 1094 exeo,

323 1140 324 1143 ’
349 1119 434 1208 quod
451 1118 597 1188 videntur
621 1120 714 1208 aliqui
730 1119 881 1202 dubitare,
905 1124 929 1186 si
954 1144 1008 1187 rex
1025 1120 1108 1188 nulla
1132 1121 1189 1188 alia
1205 1120 1293 1209 prole
1310 1121 1417 1188 relicta
1441 1120 1625 1188 decesserit:
1650 1120 1723 1208 quia

348 1227 410 1291 iam
435 1225 610 1293 dubitatum
634 1239 682 1294 est
706 1225 829 1294 dehoc
853 1228 1070 1308 matrimoni0,
1095 1228 1127 1292 in
1144 1228 1395 1294 controversiam
1419 1229 1524 1294 statim
1549 1224 1724 1294 deducetur

348 1329 430 1398 filiae
453 1333 602 1420 principis
625 1333 784 1399 successio
808 1334 840 1399 in
864 1355 976 1420 regno
1019 1333 1086 1413 Qui
1110 1335 1195 1398 enirn
1221 1316 1407 1400 dominandi
1432 1331 1577 1421 cupidine
1602 1345 1633 1399 et
1656 1355 1724 1398 arn-

349 1437 468 1505 bitione
484 1438 659 1519 trahuntur,
682 1449 788 1526 aperte
805 1438 921 1521 dicent,
946 1463 984 1505 ex
1000 1438 1166 1526 illegitimo
1183 1440 1390 1507 matrimonio
1408 1440 1488 1506 hanc
1512 1451 1617 1506 natam
1642 1461 1723 1518 esse,

349 1556 381 1611 et
404 1545 444 1610 ita
469 1544 639 1612 molientur
659 1567 758 1612 novas
782 1545 920 1612 rationes
944 1546 1034 1632 regni
1051 1544 1237 1633 occupandi,
1261 1558 1453 1635 quapropter
1469 1544 1639 1612 verisimile
1663 1555 1723 1624 est,

349 1651 457 1736 omnia
484 1649 620 1716 tumultu
645 1662 676 1716 et
705 1649 862 1717 seditione
889 1649 1074 1718 laboratura.
1121 1651 1293 1738 Propterea
1321 1669 1355 1718 ut
1384 1652 1539 1718 evitemus
1568 1649 1649 1716 hanc
1673 1671 1723 1716 ca-

348 1753 484 1842 rybdim,
508 1755 666 1842 expedire,
691 1767 724 1824 ut
740 1779 794 1824 rex
817 1755 908 1823 aliam
926 1754 1018 1824 ducat
1042 1779 1187 1836 uxorem,
1212 1780 1250 1823 ex
1266 1780 1326 1846 qua
1345 1757 1498 1845 susceptis
1521 1753 1592 1822 filiis
1609 1754 1722 1822 cadent

349 1873 380 1928 et
404 1871 553 1928 corruent
576 1884 690 1928 omnes
714 1862 772 1929 hae
798 1860 1005 1947 difficultates,
1037 1875 1069 1931 et
1093 1864 1263 1931 constituta
1286 1863 1469 1950 posteritate
1493 1885 1628 1950 regnum
1652 1884 1724 1948 per-

349 1980 441 2054 petua
465 1966 584 2034 fruetur
607 1968 827 2058 tranquillitate
851 1982 881 2036 et
905 1993 991 2058 pace.
1031 1967 1193 2036 Eiusmodi
1219 1969 1426 2036 incommoda
1450 1992 1523 2036 cum
1548 1967 1721 2035 maioribus

349 2075 443 2140 etiam
468 2073 578 2142 studiis
601 2073 749 2162 fugienda
772 2086 860 2156 sunt,
889 2099 954 2165 quo
980 2075 1161 2143 clarioribus
1185 2075 1338 2164 exemplis
1368 2076 1539 2164 superioris
1562 2075 1681 2156 aetatis
1705 2097 1722 2140 a

349 2177 469 2246 filiabus
492 2180 622 2247 Henrici
646 2182 729 2248 tertii
753 2183 886 2269 sumptis
910 2180 950 2248 de
967 2182 1031 2252 hoc
1055 2180 1276 2248 admonemur.
1323 2182 1431 2270 Itaque
1455 2205 1508 2248 eas
1531 2180 1722 2247 calamitates

349 2305 381 2352 et
403 2287 573 2368 vastitates
597 2309 673 2375 quas
695 2299 764 2354 tum
787 2310 877 2374 passa
900 2300 947 2355 est
969 2288 1094 2374 Anglia,
1126 2289 1269 2356 evitaturi
1292 2288 1355 2355 hoc
1377 2287 1533 2355 beneficio
1557 2288 1633 2353 novi
1656 2309 1722 2352 ma-

348 2393 491 2458 trimonii
513 2403 584 2460 tuto
608 2394 652 2460 uti
675 2415 855 2481 possumus.

455 2515 551 2583 Certe
574 2517 600 2583 si
623 2539 729 2583 rerum
754 2530 885 2586 eventus
910 2542 946 2584 ea
964 2516 1110 2586 felicitate
1133 2542 1194 2585 nos
1218 2537 1489 2607 consequerentur
1513 2529 1545 2584 et
1568 2518 1610 2583 ita
1632 2515 1722 2582 facile

349 2619 565 2704 succederent,
590 2646 684 2712 quam
708 2623 796 2691 facile
812 2625 948 2712 concipi,
973 2622 1033 2692 dici
1057 2638 1109 2692 aut
1125 2624 1281 2712 designari
1306 2635 1451 2712 possunt,
1476 2621 1573 2690 multa
1597 2635 1628 2690 et
1652 2621 1721 2688 fieri

348 2727 479 2795 feliciter
509 2740 541 2796 et
569 2730 644 2796 citra
672 2732 859 2818 sanguinem
890 2743 921 2797 et
949 2730 1128 2819 pulverem,
1152 2744 1186 2799 ut
1209 2731 1260 2798 ille
1288 2731 1345 2814 ait,
1373 2731 1518 2798 attentari
1543 2727 1722 2818 (possent),

348 2855 428 2921 quae
451 2835 581 2901 rationis
605 2836 749 2902 examine
773 2847 805 2904 et
828 2839 993 2904 ratiocinio
1018 2839 1134 2905 mentis
1157 2836 1294 2905 discussa
1318 2835 1511 2904 obstructam
1536 2834 1724 2923 plerumque

349 2937 388 3006 ad
410 2937 492 3005 bene
519 2939 679 3027 agendum
707 2943 874 3009 inveniunt
896 2943 996 3025 viam,
1026 2944 1163 3010 maxime
1192 2942 1245 3009 ubi
1267 2941 1392 3024 subeat,
1422 2965 1516 3030 quam
1540 2942 1658 3007 incerta
1683 2941 1723 3006 sit

348 3044 526 3113 futurorum
551 3047 698 3113 omnium
721 3049 811 3130 rati0‚
842 3059 873 3115 et
896 3071 989 3136 quam
1013 3071 1106 3137 saepe
1135 3047 1291 3136 sibiipsis
1318 3049 1467 3114 homines
1494 3045 1572 3114 falso
1596 3068 1723 3133 persua-

348 3152 443 3220 deant
459 3170 619 3234 eventura,
644 3175 849 3243 quaecunque
873 3154 967 3220 nimis
990 3153 1080 3222 avide
1104 3155 1243 3242 cupiunt.
1290 3152 1354 3221 Sed
1377 3173 1411 3220 ut
1435 3153 1492 3220 alia
1515 3152 1612 3219 multa
1636 3174 1723 3219 nunc

348 3259 506 3340 omittam,
530 3281 609 3347 quae
626 3282 719 3347 supra
741 3261 912 3347 attigimus,
937 3259 1011 3348 quid
1034 3259 1165 3328 tandem
1182 3283 1300 3350 quaeso
1326 3272 1382 3343 est,
1407 3258 1492 3348 quod
1514 3259 1632 3326 devita
1655 3281 1723 3339 sua,

348 3365 486 3450 reginae,
511 3377 542 3432 et
566 3363 605 3431 de
628 3363 699 3431 filiis
722 3364 779 3432 sibi
807 3365 973 3453 pollicetur
995 3369 1073 3434 rex?
1117 3367 1205 3435 Num
1229 3385 1263 3434 ut
1287 3385 1332 3434 est
1362 3365 1641 3454 prudentissimus,
1665 3363 1723 3430 ob-

347 3467 419 3536 litus
444 3483 501 3552 est,
525 3470 600 3537 dum
618 3495 652 3538 se
676 3495 785 3559 regern
801 3471 957 3560 intelligit,
981 3473 1147 3540 hominem
1172 3486 1279 3540 tamen
1296 3473 1385 3540 esse?
1431 3470 1519 3552 Quid
1535 3493 1613 3539 vero
1636 3471 1723 3558 prin-

348 3576 417 3662 cipe
439 3599 517 3642 vero
542 3594 573 3644 et
602 3577 686 3644 claro
709 3580 778 3645 viro
802 3577 943 3666 dignius,
972 3603 1066 3668 quam
1090 3578 1166 3647 dum
1194 3578 1373 3648 futurorum
1396 3577 1465 3666 plus
1490 3579 1584 3644 nimis
1612 3577 1722 3643 anxius

349 3693 380 3748 et
403 3679 555 3750 sollicitus
579 3695 636 3766 est,
660 3684 837 3772 praesentia
860 3697 1046 3752 contemnat
1070 3698 1101 3754 et
1124 3687 1299 3774 pessumire
1322 3685 1502 3772 permittat?
1526 3681 1617 3772 (sic).
1653 3682 1722 3748 Cur

348 3788 454 3874 potius
477 3811 544 3855 non
568 3802 676 3878 potest
698 3813 752 3858 rex
772 3792 923 3878 cogitare,
947 3790 1065 3858 facilius
1089 3794 1217 3860 evenire
1240 3815 1345 3881 posse,
1368 3803 1403 3858 ut
1426 3791 1533 3878 regina
1557 3812 1591 3855 se
1615 3811 1723 3876 super-

349 3894 421 3961 stite
443 3913 573 3963 naturae
590 3895 755 3979 concedat,
780 3919 844 3986 quo
866 3921 938 3964 casu
962 3897 1151 3966 adveniente
1167 3897 1362 3965 consolidata
1387 3909 1492 3963 essent
1508 3896 1722 3964 conscientiae

348 3999 487 4083 vulnera,
512 4000 784 4088 dispensationum
809 4026 882 4070 cura
899 4001 1024 4070 caderet
1047 4023 1140 4092 atque
1164 4006 1195 4069 in
1213 4014 1377 4093 utramque
1400 4025 1508 4070 aurem
1525 4000 1722 4068 dormientes

348 4127 516 4192 possemus
544 4109 683 4190 nomini,
712 4108 851 4191 affectui,
879 4111 1055 4197 posteritati
1084 4123 1115 4177 et
1137 4132 1240 4198 regno
1263 4109 1439 4178 consulere.
1486 4107 1574 4188 Quid
1603 4130 1722 4196 quaeso

250 4201 253 4206 ’
349 4223 406 4294 est,
431 4212 517 4300 quod
533 4213 681 4282 Maiestas
698 4215 760 4282 Sua
784 4214 823 4282 de
839 4213 910 4281 filiis
927 4239 965 4282 ex
981 4215 1039 4282 alia
1055 4239 1154 4283 uxore
1170 4215 1228 4282 sibi
1244 4214 1448 4304 polliceatur?
1489 4213 1577 4282 Num
1594 4225 1721 4301 experta

350 4328 397 4385 est
421 4317 501 4385 hanc
530 4319 686 4402 sterilem,
715 4344 793 4387 num
818 4320 985 4389 orbitatem
1016 4345 1098 4409 pene
1126 4323 1158 4388 in
1183 4321 1240 4388 hac
1268 4322 1385 4389 sentit?
1430 4321 1533 4403 Num,
1562 4341 1642 4408 quae
1666 4341 1722 4386 sua

456 4537 465 4570 ¹
484 4529 528 4585 Ob
547 4530 620 4584 wohl
639 4531 751 4597 Froude‚
771 4531 818 4586 der
836 4533 892 4586 sich
912 4534 938 4586 in
957 4534 1184 4605 Anstrengungen
1203 4534 1348 4588 uberbietet
1368 4533 1441 4602 (The
1461 4532 1578 4585 Divorce
1598 4529 1630 4583 os
1641 4529 1722 4585 Cath.

349 4598 381 4652 os
396 4600 506 4671 Aragon
528 4615 559 4670 54
577 4603 637 4673 sq),
662 4602 704 4656 die
717 4603 848 4657 Verstmdi
870 4621 925 4674 ung
942 4604 1082 4659 Heinrichs
1101 4605 1149 4659 mit
1168 4604 1243 4677 Mary
1265 4604 1330 4658 Bole
1350 4621 1375 4670 n,
1395 4603 1548 4657 Scltwester
1566 4602 1612 4655 der
1630 4601 1719 4666 Anna,

349 4687 395 4724 aus
414 4671 461 4724 der
474 4671 546 4726 Welt
566 4691 597 4726 zu
610 4673 736 4739 achadeo,
757 4673 810 4727 und
824 4621 905 4728 dairer
923 4674 965 4728 die
984 4675 1151 4729 zahlreichen
1164 4675 1307 4760 Zeugnisse
1326 4623 1498 4728 driedmanns
1514 4673 1603 4741 (Anne
1617 4670 1722 4744 Boleyn

350 4741 382 4796 ll.
401 4741 523 4814 Append.
544 4742 616 4796 Note
635 4744 666 4811 Β)
686 4745 734 4798 mit
753 4743 969 4816 Stillschweigen
987 4745 1070 4812 suast,
1091 4747 1173 4800 bereit
1192 4763 1249 4800 sem
1269 4745 1346 4810 wird,
1370 4761 1416 4798 aus
1436 4743 1632 4797 vorstehenden
1652 4743 1722 4795 Aus-

350 4812 568 4866 einandersetzun
588 4830 623 4867 en
642 4814 684 4868 die
697 4813 885 4886 Folgerungeu
905 4834 936 4870 zu
955 4817 1056 4883 ziehen,
1077 4816 1118 4870 die
1138 4834 1166 4870 er
1184 4815 1265 4870 selbst
1285 4816 1313 4882 (l.
1327 4833 1349 4869 c.
1366 4815 1451 4938 57p58)
1470 4811 1599 4868 ausstelltl
1628 4813 1722 4883 Vergl.

350 4881 401 4936 den
420 4882 489 4936 Text
508 4883 555 4937 der
600 4887 706 4956 ispense
725 4885 766 4940 liar
785 4885 816 4940 H.
836 4889 884 4941 mit
904 4889 935 4942 Α.
950 4887 979 4943 Β.
999 4888 1068 4940 oben
1088 4887 1113 4942 S.
1131 4904 1174 4956 35:
1195 4887 1265 4959 quod
1285 4887 1388 4940 eiusmo
1407 4887 1415 4938 i
1435 4883 1589 4938 affinitatem
1609 4901 1641 4937 ex
1661 4899 1721 4954 per·

350 4969 415 5006 sona
435 4963 478 5007 tua
499 4963 633 5008 causatam
653 4955 790 5026 allegetur.
