3810 5528
194 344 262 410 1528
282 343 446 414 September.
1257 315 1263 327 .
1523 331 1562 393 41

191 526 226 568 33
251 503 278 568 13
306 501 451 585 intende,
480 502 538 570 che
562 506 604 569 31
631 501 678 569 »al
705 501 878 590 procedere
908 504 938 568 in
969 526 1060 570 causa
1084 508 1124 571 n'e
1148 503 1176 570 al
1199 504 1390 571 sententiare
1414 502 1525 570 habbia
1548 527 1565 570 3

189 610 298 696 seguir
321 633 395 676 cosa
419 608 528 676 alcuna
551 633 644 676 senza
667 608 864 676 advertirneu
892 629 963 690 etc,
993 611 1024 675 io
1049 633 1116 676 non
1139 609 1222 678 vedo
1251 612 1283 675 in
1308 633 1380 677 caso
1406 608 1486 677 ch’el
1512 632 1564 676 »13

190 738 258 781 303
282 717 307 780 31
324 734 451 802 potesse
475 716 634 782 rirnovere
654 713 733 781 della
750 717 913 802 opinione,
939 739 1032 781 3033
1049 739 1141 782 senza
1164 715 1352 783 scandalizor
1367 738 1460 803 possa
1478 715 1565 783 diffe-

189 822 266 901 rire,
296 822 353 888 che
382 844 437 908 per
461 821 542 888 virtu
571 819 649 887 della
673 822 903 888 commissione
932 845 996 888 non
1027 821 1145 889 s’habbi
1169 845 1185 888 a
1209 820 1382 909 procedere
1412 832 1443 888 et
1467 821 1511 888 far
1536 822 1564 888 el

189 949 354 1014 processo,
379 940 410 994 et
433 926 612 994 lacilmente
635 926 678 1014 311
701 927 887 1014 parerebbe,
912 927 996 994 ch’io
1020 926 1095 994 lussi
1118 927 1270 995 mandato
1295 951 1350 1015 per
1373 927 1508 995 ucellarli
1533 940 1564 996 et

189 1032 393 1120 potrebbono
423 1032 625 1122 sdegnarsir,
654 1032 681 1099 13
710 1031 781 1122 qual
811 1056 885 1100 cosa
913 1057 1074 1122 cognosce
1100 1035 1139 1102 V.
1164 1035 1207 1116 8.,
1236 1045 1354 1123 quanto
1384 1056 1478 1120 possa
1507 1034 1565 1100 im-

188 1151 306 1226 portat.
352 1140 406 1206 Ma
429 1139 513 1206 s'ella
537 1139 667 1206 intende
683 1151 793 1229 queste
817 1140 923 1228 parole
948 1152 1067 1229 quanto
1083 1139 1144 1208 allo
1171 1152 1256 1208 »atto
1273 1138 1352 1207 della
1375 1141 1564 1222 sententian,

190 1268 285 1312 corne
309 1247 363 1332 piu
393 1245 606 1312 chiaramonte
635 1246 661 1311 si
686 1245 897 1332 conrprende,
930 1245 1041 1313 ch’ella
1064 1247 1103 1314 ha
1126 1246 1237 1313 voluto
1265 1244 1429 1312 intendere
1459 1268 1515 1333 per
1538 1245 1566 1312 13

189 1375 245 1418 sua
268 1349 308 1418 de
332 1350 495 1432 XXVIH,
526 1351 553 1417 la
577 1350 667 1440 quale
691 1363 782 1439 porta
805 1350 827 1416 il
850 1350 1029 1439 dupplicato
1054 1351 1133 1419 della
1157 1351 1188 1418 di
1211 1353 1312 1434 xxi,
1341 1351 1369 1418 13
1391 1353 1456 1440 puo
1480 1375 1566 1419 esser

190 1476 285 1538 certa,
310 1457 367 1524 che
390 1455 562 1524 observari)
586 1468 704 1545 quanto
729 1457 756 1522 la
780 1458 824 1522 mi
848 1459 959 1539 scrive,
984 1477 1014 1524 et
1039 1457 1097 1524 che
1121 1459 1183 1523 mai
1207 1481 1274 1524 non
1301 1457 1564 1539 »intenderanno,

190 1562 263 1652 qual
290 1563 333 1628 sia
358 1563 513 1650 l'opinion
539 1563 618 1644 mia,
648 1563 735 1630 salvo
759 1562 886 1652 quande
915 1565 986 1630 saro
1010 1563 1037 1630 al
1060 1575 1173 1652 punto,
1201 1588 1235 1630 se
1259 1587 1317 1652 pur
1339 1563 1368 1630 13
1394 1565 1420 1631 si
1444 1566 1563 1631 verri«.

300 1685 390 1752 l'edo
419 1709 475 1773 per
498 1686 519 1752 il
542 1687 677 1754 scrivere
707 1686 738 1754 di
764 1687 801 1754 V.
826 1687 857 1754 S.
883 1690 962 1755 circa
987 1708 1097 1777 queste
1127 1689 1257 1755 materie
1281 1687 1312 1754 di
1337 1688 1452 1755 Cervia
1480 1699 1510 1754 et
1534 1685 1565 1754 di

190 1793 341 1860 Ravenna
366 1803 397 1858 et
420 1793 557 1860 maxime
589 1794 620 1859 in
645 1793 747 1883 quella
770 1793 809 1860 de
833 1794 885 1861 111.
911 1793 938 1860 la
961 1796 1111 1881 cagione,
1136 1793 1194 1861 che
1217 1793 1245 1860 la
1268 1817 1386 1861 muove
1413 1817 1453 1860 »3
1477 1817 1565 1860 303-

191 1899 352 1965 33113131
377 1899 460 1966 ch'io
484 1898 562 1966 vada
591 1899 690 1982 lento,
720 1899 804 1967 ch’io
829 1924 895 1967 non
925 1912 1083 1988 prometto
1106 1911 1138 1967 31
1161 1901 1261 1987 prima
1289 1900 1411 1967 scriva«
1439 1910 1509 1982 etc,
1537 1898 1566 1966 31

190 2003 249 2070 che
272 2027 374 2092 penso
402 2004 619 2072 inclinaranno
644 2027 758 2072 ancora
788 2006 840 2092 piu
865 2003 951 2093 dopo
981 2025 1094 2095 questo
1119 2007 1214 2088 exito,
1244 2005 1302 2072 che
1326 2006 1365 2072 ha
1394 2004 1512 2072 havuto
1537 2005 1564 2070 13

190 2108 358 2177 obsidione
383 2109 414 2176 di
437 2110 564 2198 Napoli,
589 2122 620 2177 et
643 2112 733 2198 pensi
758 2111 796 2177 V.
822 2111 865 2192 S,
889 2112 948 2179 che
972 2122 1061 2178 tanto
1085 2112 1138 2198 piri
1167 2109 1309 2177 »induro
1332 2109 1507 2178 advertito«
1534 2121 1565 2177 et

190 2238 257 2282 non
281 2217 430 2283 mancaro
455 2215 485 2282 di
510 2215 670 2304 diligentia
693 2239 788 2283 come
812 2215 925 2284 debb0.

297 2321 420 2403 Questa
444 2321 565 2389 Maesta
588 2322 631 2388 mi
657 2320 775 2388 mandi)
800 2320 838 2388 ad
863 2323 1022 2389 incontrar
1046 2323 1116 2388 sino
1141 2325 1172 2389 in
1198 2320 1327 2389 Orliens
1355 2322 1387 2389 lo
1412 2323 1564 2410 episcopo

192 2427 372 2494 Venciense
401 2446 432 2494 et
455 2451 520 2494 uno
545 2425 583 2493 de
611 2425 632 2494 li
655 2429 725 2494 suoi
755 2429 881 2495 maestri
905 2427 943 2494 de
968 2451 1051 2510 casa,
1081 2427 1110 2494 le
1133 2428 1215 2516 quali
1238 2429 1283 2494 mi
1307 2428 1414 2495 hanno
1438 2451 1563 2495 accom-

190 2544 329 2620 pagnato
353 2534 400 2599 sin
425 2534 489 2622 qui,
513 2533 596 2600 dove
614 2535 712 2599 entrai
735 2533 784 2600 3111
808 2534 908 2601 XIIII.
933 2533 1041 2622 doppo
1059 2533 1078 2600 il
1099 2557 1208 2601 mezzo
1232 2534 1360 2621 giorno,
1384 2535 1563 2601 incontrato

191 2637 229 2704 da
244 2639 316 2706 tutti
341 2638 361 2704 li
383 2637 491 2726 prelati
515 2640 573 2706 che
596 2641 621 2706 si
644 2651 819 2707 trovarono
841 2641 905 2728 qui,
929 2653 960 2708 et
983 2639 1026 2706 fui
1050 2651 1301 2728 accompagnato
1325 2641 1396 2706 sino
1413 2639 1473 2706 allo
1490 2637 1564 2706 3110-

190 2745 354 2831 31333310
382 2767 475 2812 senza
504 2744 580 2812 altre
610 2745 808 2826 ceremonie,
842 2757 872 2813 et
901 2745 931 2812 lo
963 2747 1057 2814 Rmo.
1082 2745 1203 2833 Legato
1234 2769 1289 2833 per
1318 2769 1373 2812 sua
1402 2745 1564 2812 1131333111

190 2849 279 2917 volse
302 2873 400 2917 ancor
424 2850 484 2937 egli
514 2852 720 2918 incontrarmi
749 2864 780 2918 et
803 2850 893 2918 13131
924 2853 1113 2940 compagnia
1142 2853 1213 2919 sino
1242 2850 1563 2939 3110311031333310,

191 2954 274 3023 dove
290 2958 443 3024 smontati
465 2957 688 3044 1331033330
713 2956 752 3024 ad
768 2956 901 3045 longum
926 2959 1069 3040 insieme,
1094 2969 1126 3025 et
1141 2957 1217 3026 lette
1236 2957 1264 3024 le
1280 2957 1390 3025 lettere
1414 2955 1446 3023 di
1462 2958 1502 3023 V.
1520 2957 1563 3038 S,

190 3063 307 3149 perche
325 3060 344 3129 'l
368 3085 401 3130 re
425 3067 494 3129 era¹
519 3085 575 3151 per
598 3065 714 3152 partire
736 3063 846 3151 hoggi,
871 3065 1014 3130 comesi
1037 3075 1125 3153 parte
1148 3064 1237 3147 hora,
1261 3062 1508 3131 concludemmo
1532 3063 1563 3130 di

192 3169 305 3236 havere
329 3167 486 3236 audientia
510 3168 575 3235 heri
601 3168 659 3236 che
682 3168 714 3236 fu
738 3168 787 3236 3111
810 3170 896 3251 XV,
921 3189 951 3236 31
976 3172 1042 3236 3031
1067 3170 1129 3236 Sua
1144 3171 1265 3237 Maesti
1289 3170 1407 3238 mando
1431 3168 1451 3235 il
1468 3169 1562 3237 Rmo.

190 3273 362 3341 Borbone²
384 3298 446 3342 con
470 3274 562 3342 molti
586 3273 652 3342 altri
681 3275 790 3362 prelati
815 3298 832 3341 a
855 3275 998 3357 levarmi,
1027 3274 1054 3341 13
1079 3275 1149 3364 qual
1177 3299 1252 3343 cosa
1274 3274 1358 3356 fece,
1389 3275 1472 3342 ch'io
1496 3298 1562 3341 non

190 3381 279 3466 puoti
303 3379 418 3448 andare
442 3405 459 3447 a
482 3381 566 3448 levat
589 3380 621 3448 di
644 3405 714 3448 casa
743 3381 764 3446 il
787 3382 882 3450 Rmo.
907 3380 1039 3468 Legato,
1069 3382 1153 3448 com'
1178 3383 1209 3448 io
1233 3381 1332 3449 havea
1361 3393 1505 3469 pensato,
1534 3392 1564 3447 et

190 3498 395 3575 quantunque
424 3487 604 3554 havessimo
633 3507 820 3575 composto,
849 3487 908 3554 che
936 3486 967 3553 di
999 3488 1188 3576 compagnia
1218 3499 1250 3554 et
1277 3487 1411 3554 insieme
1443 3488 1470 3553 ci
1500 3506 1564 3553 tro-

190 3593 329 3659 vassimo
359 3591 409 3659 col
432 3615 480 3672 re,
509 3593 616 3660 niente
641 3592 672 3660 di
696 3616 794 3659 meno
818 3593 930 3680 giunse
954 3592 1102 3682 alquanto
1126 3591 1224 3680 dopo,
1252 3597 1277 3658 sl
1301 3591 1359 3659 che
1383 3591 1414 3660 di
1437 3591 1564 3681 311113-

189 3721 272 3765 vevo
295 3696 422 3765 1311313
444 3711 595 3787 proposta
618 3701 692 3781 mia,
716 3721 831 3766 ancora
855 3698 939 3766 ch’io
956 3699 1115 3766 ricercassi
1139 3697 1171 3765 di
1194 3711 1340 3788 expectat
1357 3699 1387 3766 S.
1405 3699 1435 3765 S.
1454 3699 1564 3780 Rmo.,

191 3827 243 3870 ma
269 3805 389 3872 ritirato
417 3803 456 3871 da
479 3805 510 3871 S.
535 3805 579 3871 M.
604 3827 621 3870 a
645 3828 706 3871 una
734 3803 870 3872 fenestra
898 3829 992 3872 senza
1022 3803 1064 3871 lui
1093 3805 1277 3888 cominciai,
1306 3815 1337 3872 et
1360 3805 1391 3871 S.
1416 3805 1447 3871 S.
1472 3805 1562 3873 Rma.

191 3911 305 3993 arrivh,
330 3909 402 3977 ch'il
425 3933 459 3977 re
483 3933 550 3977 non
573 3911 672 3977 havea
695 3933 811 3978 ancora
834 3911 1027 3978 3031331310
1051 3935 1068 3977 3
1092 3909 1296 3999 respondere.

297 4035 395 4123 Dopo
423 4034 451 4102 13
479 4033 667 4101 salutatione
698 4047 728 4102 et
756 4033 979 4103 benedictione
1009 4032 1183 4122 apostolica
1213 4054 1243 4102 et
1272 4033 1484 4102 declaratione
1513 4032 1564 4101 del

191 4141 442 4228 propensissimo
466 4142 575 4207 animo
599 4139 629 4206 di
653 4141 694 4209 N.
719 4141 855 4228 Signore
878 4163 972 4208 verso
996 4141 1027 4208 S.
1052 4141 1097 4207 M.
1123 4151 1154 4208 et
1177 4164 1251 4208 cose
1275 4164 1346 4222 sue,
1375 4163 1437 4207 con
1461 4139 1563 4228 quelle

191 4244 314 4333 parole,
345 4233 403 4313 ch'e
427 4246 471 4312 mi
498 4268 630 4335 parvero
654 4246 708 4334 piu
731 4246 989 4328 accommodate,
1020 4245 1279 4334 principalmente
1303 4245 1332 4312 le
1355 4245 1486 4334 proposi
1510 4245 1563 4312 dui

192 4353 295 4438 punti,
320 4373 337 4417 e
360 4349 381 4416 il
404 4352 509 4439 primo
532 4350 565 4418 fu
588 4351 627 4418 de
651 4351 679 4418 13
701 4375 778 4440 pace
800 4352 986 4434 universale,
1011 4363 1042 4418 et
1064 4351 1180 4439 perche
1203 4351 1231 4418 13
1254 4353 1385 4420 3313113
1409 4355 1426 4418 ὲ
1450 4351 1562 4438 ampla,

193 4459 236 4523 mi
260 4459 358 4523 extesi
380 4458 585 4546 lungamente
610 4457 861 4545 discurrendogli
884 4457 904 4525 li
929 4457 1002 4524 mali
1026 4457 1065 4524 de
1088 4468 1167 4525 tutta
1187 4457 1378 4524 christianita
1401 4468 1433 4523 et
1456 4455 1562 4540 danni,

193 4563 250 4630 che
274 4564 299 4628 si
328 4575 466 4630 sentono
491 4563 529 4630 da
552 4562 581 4631 le
604 4587 718 4650 guerre
747 4581 777 4631 et
801 4563 860 4630 che
890 4586 973 4630 sono
997 4586 1053 4651 per
1076 4564 1200 4650 seguire
1229 4587 1297 4630 non
1325 4561 1395 4628 solo
1420 4585 1460 4628 ne
1490 4561 1562 4629 beni

192 4667 358 4756 temporali
382 4680 413 4736 et
437 4692 477 4736 33
500 4668 521 4736 11
544 4670 626 4750 31311,
650 4691 701 4735 ma
725 4692 765 4735 ne
789 4668 817 4735 13
839 4667 902 4736 fide
927 4689 958 4736 et
980 4668 1134 4756 religione
1158 4691 1284 4751 ancora,
1311 4679 1341 4734 et
1364 4679 1483 4756 quanto
1507 4691 1562 4756 per

194 4775 309 4842 evitare
337 4775 414 4841 tanti
442 4774 643 4842 incommodi
669 4773 753 4842 fusse
777 4776 967 4856 necessario,
991 4775 1099 4842 venire
1129 4773 1185 4841 3113
1212 4797 1304 4862 pace,
1333 4773 1407 4842 3111
1434 4772 1508 4842 beni
1532 4788 1562 4844 et

194 4902 402 4910 ——fflv-

299 4967 380 5023 ¹Th.
400 4968 498 5041 perche
516 4969 596 5024 n'era.
706 4969 784 5025 ²Th.
805 4969 926 5024 Barboni.
