3796 5538
361 292 425 351 240
984 307 1054 361 Felix
1076 325 1128 361 von
1149 305 1227 360 l'rato
1246 307 1318 360 saber
1330 307 1371 360 die
1391 307 1485 378 papstl.
1505 306 1730 376 Dispensgcwalt.

360 475 538 552 susceptam
570 463 716 531 sobolem
747 465 872 532 alterius
901 465 1033 554 copulae
1066 466 1290 554 propinquitati
1321 466 1433 554 prioris
1462 463 1561 532 credit
1590 463 1731 552 legitime

360 571 483 652 sociari,
513 571 564 637 hic
588 589 682 659 negat
706 573 767 638 Dei
790 571 922 640 verbum
946 571 1083 640 validum
1109 595 1208 655 esse«
1239 570 1326 661 quod
1354 570 1445 638 dixit:
1488 571 1587 637 Erunt
1611 569 1676 638 duo
1701 573 1730 638 in

361 698 453 742 carne
477 682 569 743 una.¹
594 717 634 724 —
659 677 691 744 Si
715 675 842 766 quando
866 701 944 746 vero
968 701 1158 745 concessum
1183 677 1373 766 perhibetur,
1397 697 1431 743 ut
1447 677 1578 745 Denter.
1598 695 1637 761 25
1658 676 1729 766 (5):

361 780 502 863 Quando
526 782 732 850 habitaverint
756 782 865 851 fratres
888 784 993 867 simul,
1027 804 1058 851 et
1082 807 1163 851 unus
1188 807 1225 851 ex
1250 784 1294 850 eis
1318 783 1433 872 absque
1458 782 1561 850 liberis
1586 796 1731 851 mortuus

360 887 462 970 fuerit,
486 911 566 956 uxor
589 887 729 957 defuncti
754 912 820 956 non
846 888 942 957 nubet
966 890 1064 972 alteri,
1088 888 1145 958 sed
1168 892 1299 978 accipiet
1323 913 1392 956 eam
1421 888 1514 956 frater
1545 891 1647 971 eius²3
1682 888 1731 955 vel

361 995 444 1061 iuxta
467 993 657 1062 Hebraicum
682 1018 883 1062 sermonem:
919 1019 985 1063 non
1015 998 1073 1064 erit
1103 1018 1183 1063 uxor
1212 995 1350 1064 defuncti
1379 994 1469 1062 alicui
1499 1007 1652 1062 extraneo
1682 1018 1731 1062 ex-

359 1101 525 1184 trinsecus,
548 1100 625 1168 levir
649 1103 744 1190 ipsius
768 1102 834 1170 sive
857 1114 1028 1190 cognatus,
1059 1102 1122 1170 hoc
1147 1113 1194 1169 est
1217 1100 1309 1170 frater
1332 1102 1390 1167 viri
1413 1102 1476 1181 sui,
1504 1101 1611 1168 veniet
1640 1123 1732 1188 super

361 1229 430 1273 earu
457 1221 487 1275 et
510 1209 641 1296 accipiet
665 1231 734 1275 eam
759 1210 790 1275 in
814 1232 959 1290 uxorem,
983 1209 1021 1276 ad
1046 1207 1188 1276 eiusdem
1212 1207 1313 1276 fratris
1329 1206 1556 1290 suscitandum,
1580 1219 1615 1274 ut
1631 1207 1733 1295 inquit

361 1314 426 1380 Pet.
452 1312 491 1380 de
515 1314 577 1380 Pal.
602 1338 728 1382 senten:
761 1314 971 1403 dispensative
995 1315 1111 1383 facturn
1136 1313 1323 1382 arbitrantur
1348 1338 1445 1403 eaque
1470 1312 1510 1381 de
1534 1336 1626 1380 causa
1655 1312 1731 1380 olim

359 1419 499 1501 licuisse,
528 1419 577 1486 vel
609 1432 643 1488 ut
666 1420 778 1503 cultus,
810 1433 843 1490 ut
867 1422 967 1511 inquit
990 1421 1021 1488 S.
1046 1419 1133 1488 Thu.
1162 1433 1329 1509 augeretur
1358 1419 1498 1502 divinus,
1530 1419 1580 1486 vel
1604 1431 1638 1486 ut
1663 1441 1730 1506 per-

360 1524 474 1592 fectam
512 1524 631 1593 eisdem
670 1529 859 1615 promissam
895 1526 1046 1594 Hebraeis
1079 1525 1354 1607 benedictionem,
1393 1538 1427 1593 ut
1468 1527 1510 1592 ait
1545 1525 1576 1592 S.
1612 1526 1732 1592 Bonae.

361 1645 631 1721 consequerentur
653 1635 685 1699 in
705 1634 837 1716 semine,
861 1657 940 1722 quae
957 1645 1065 1701 tamen
1090 1633 1284 1721 dispensatio
1309 1633 1375 1699 iure
1398 1630 1589 1721 procedebat
1613 1628 1733 1710 divine,

362 1761 426 1804 non
463 1738 614 1806 humano.
662 1739 718 1805 His
751 1752 855 1807 autem
889 1740 1086 1828 temporibus
1116 1763 1313 1830 nequaquam
1346 1737 1526 1827 expediunt.
1578 1737 1616 1804 Et
1644 1738 1669 1804 si
1698 1759 1734 1804 ea

361 1867 436 1910 sane
464 1845 587 1912 ratione
616 1844 692 1911 olim
722 1847 911 1933 permissum
944 1847 1137 1928 intueamur,
1165 1848 1232 1913 iure
1256 1869 1340 1912 nunc
1364 1843 1484 1926 divin0,
1509 1863 1543 1910 ut
1566 1844 1669 1924 aiunt,
1697 1842 1733 1908 ab

362 1972 460 2017 uxore
485 1949 585 2018 fratris
610 1952 654 2019 uti
677 1974 821 2019 asorore
845 1951 1062 2020 abhorremus.
1110 1952 1333 2034 Quamobrem
1353 1951 1523 2018 Summum
1541 1947 1732 2016 Pontificem

361 2057 426 2122 eius
450 2054 694 2144 dispensationis
717 2080 834 2144 genere
858 2058 1012 2146 privatum
1038 2058 1186 2140 iudicant,
1211 2057 1305 2124 veluti
1331 2059 1436 2145 impos
1460 2075 1507 2123 est
1531 2053 1734 2142 dispensandi

360 2161 465 2250 plures
489 2185 614 2244 uxores,
646 2161 734 2251 quod
761 2161 840 2230 olim
869 2161 1080 2253 dispensative
1108 2163 1231 2231 licuisse
1261 2161 1528 2250 contemplantur.
1576 2159 1630 2227 Isti
1662 2178 1735 2227 sunt

361 2269 427 2335 eius
450 2267 614 2336 doctrinae
639 2270 738 2336 nervi.

868 2428 931 2495 Pro
954 2441 1041 2517 parte
1067 2429 1222 2518 opposita.

468 2551 538 2618 Nos
561 2564 666 2619 autent
691 2550 786 2640 (pace
809 2574 844 2618 ac
869 2553 1044 2619 reverentia
1065 2565 1226 2620 tantorum
1252 2553 1423 2638 insignium
1440 2547 1629 2638 doctorum)
1656 2549 1735 2614 eius-

363 2654 450 2723 modi
473 2658 669 2725 matrimonii
699 2657 967 2745 dispensationem
996 2682 1014 2724 a
1038 2659 1173 2726 Summo
1201 2658 1388 2742 abnegatam
1414 2653 1569 2723 Pontifice
1600 2656 1735 2722 minime

362 2785 538 2830 censemus.
586 2764 685 2831 Cuius
708 2763 863 2853 siquidem
888 2765 933 2830 rei
957 2765 1070 2832 veritas
1094 2763 1163 2832 luce
1192 2763 1302 2830 clarius
1322 2761 1509 2853 quibusdam
1533 2761 1735 2849 praescriptis

361 2868 520 2958 apparebit
547 2868 771 2937 fundamentis.
818 2869 969 2950 Quorum
997 2871 1135 2957 primum
1165 2887 1231 2951 est,
1263 2867 1478 2956 legislatorem
1509 2890 1735 2955 quemcunque

361 2974 502 3042 divinum
529 2993 560 3042 et
584 2976 759 3042 humanum
784 2977 895 3065 cuique
918 2976 977 3042 iuri
1000 2987 1053 3042 aut
1076 2973 1315 3056 consuetudini,
1345 2974 1408 3062 legi
1438 2973 1623 3061 praesertim
1655 2970 1733 3039 latae

361 3081 484 3148 divinae
508 3080 558 3147 vel
581 3093 710 3149 naturae
727 3103 925 3170 nequaquam
945 3081 1096 3164 obvianti,
1120 3105 1175 3170 per
1191 3080 1296 3168 legem
1312 3077 1488 3159 ferendam,
1512 3077 1618 3166 aliquo
1637 3079 1732 3144 etiam

363 3185 462 3254 modo
486 3189 666 3275 oppositam
693 3185 808 3269 eidem,
832 3186 948 3277 absque
980 3190 1046 3254 eius
1071 3189 1144 3255 iuris
1173 3211 1229 3254 seu
1258 3185 1497 3254 consuetudinis
1522 3182 1661 3251 evidenti
1685 3183 1735 3250 ab·

362 3293 528 3380 rogatione
553 3291 708 3381 derogare
732 3293 827 3376 nolle,
853 3312 884 3360 et
906 3295 1084 3381 praecipue,
1108 3295 1133 3360 si
1157 3305 1231 3381 post
1253 3292 1346 3360 latam
1371 3291 1494 3379 legem,
1520 3291 1586 3356 eius
1609 3311 1737 3376 praece-

361 3395 463 3464 dentis
480 3399 554 3465 iuris
574 3397 853 3466 consuetudinisve
869 3423 925 3487 per
943 3423 1016 3466 eum
1034 3412 1118 3467 extet
1135 3398 1348 3466 confirmatio,
1386 3394 1601 3464 Praecedente
1618 3396 1735 3483 quippe

362 3503 592 3572 consuetudine
616 3505 745 3594 iureque
769 3506 886 3574 intacto
916 3524 1065 3572 manento
1089 3527 1158 3572 eam
1188 3504 1292 3592 legem
1317 3515 1505 3593 sequentem
1534 3501 1628 3569 latam
1657 3501 1737 3568 arbi·

361 3622 489 3677 tramur.
535 3609 620 3676 Alias
645 3609 772 3700 quidem
797 3613 1004 3699 repugnantia
1026 3612 1181 3692 iussisset,
1216 3609 1302 3700 quod
1325 3609 1393 3678 fieri
1417 3633 1435 3675 a
1457 3609 1587 3676 neruine
1617 3609 1735 3675 iustum

361 3714 555 3797 arbitramur,
579 3739 683 3804 neque
707 3715 748 3782 illi
770 3719 839 3805 quis
863 3716 1024 3806 (quamvis
1047 3719 1102 3783 uni
1124 3716 1287 3807 Domino)
1312 3728 1436 3805 posset,
1465 3735 1499 3783 ut
1522 3716 1659 3802 August.
1684 3714 1736 3794 ait,

361 3833 517 3909 praestare
546 3820 744 3910 obsequium.
791 3821 891 3903 Quod
919 3824 1014 3891 etiam
1042 3822 1266 3912 postmodum,
1296 3822 1525 3910 praetermissis
1555 3822 1735 3888 iuristatum

360 3925 545 4008 rationibus,
569 3948 625 4014 per
649 3925 783 3994 eandem
806 3950 926 3994 sacram
951 3926 1158 3997 ostendemus
1181 3929 1339 4016 paginam.

466 4029 648 4098 Secundum
673 4054 750 4099 vero
775 4044 831 4116 est,
862 4032 983 4100 nullum
1007 4032 1139 4120 gradum
1168 4033 1451 4122 consanguinitatis
1480 4033 1546 4098 sive
1575 4029 1735 4098 affinitatis

361 4149 432 4204 ante
456 4135 560 4224 legem
584 4136 678 4204 latam
702 4139 734 4204 in
758 4158 869 4205 monte
893 4139 978 4206 Sinai
1002 4141 1068 4206 iure
1092 4138 1186 4206 fuisse
1211 4138 1415 4228 reprobatum
1439 4135 1567 4218 divino,
1600 4160 1642 4202 ne
1666 4135 1735 4224 quis

361 4261 469 4331 posset
493 4265 533 4308 eo
558 4243 760 4326 contrahere,
791 4267 900 4311 verum
932 4243 1014 4312 forte
1038 4245 1105 4312 iure
1138 4244 1266 4313 naturali
1298 4244 1347 4312 vel
1379 4244 1516 4310 cuiusvis
1544 4242 1650 4328 gentis
1679 4264 1736 4307 seu

361 4347 470 4435 populi
486 4347 726 4415 consuetudine.
763 4348 862 4429 Quod
881 4351 974 4416 etiam
991 4373 1047 4438 per
1066 4367 1170 4417 totum
1187 4350 1283 4440 liquet
1307 4351 1426 4418 Genes.
1443 4346 1556 4414 librum
1575 4359 1607 4414 et
1623 4346 1735 4413 Exodi.

361 4451 497 4518 Abraam
522 4475 638 4539 nempe
661 4475 807 4522 sororem
831 4477 931 4537 suam,
956 4453 1051 4521 filiam
1075 4457 1169 4544 patris
1193 4458 1256 4537 sui,
1288 4479 1353 4523 non
1379 4465 1486 4522 autem
1510 4454 1620 4519 matris
1648 4474 1735 4532 suae,

469 4653 476 4682 ¹
496 4645 603 4714 Gregor
621 4644 640 4698 l.
657 4662 691 4698 an
710 4644 761 4700 den
781 4645 893 4700 Bischof
908 4665 961 4701 von
980 4647 1104 4719 Cagliari,
1123 4649 1202 4704 Dect.
1215 4649 1289 4704 Grat.
1310 4665 1348 4704 ca.
1366 4665 1405 4718 35,
1425 4665 1467 4719 qu.
1484 4663 1524 4714 10,
1544 4663 1602 4717 cap.
1620 4661 1641 4700 1.
1671 4645 1736 4698 Was

362 4717 388 4768 in
408 4713 623 4768 thselufschen
642 4716 721 4782 steht,
741 4717 774 4770 ist
794 4717 916 4770 wortlich
935 4718 1027 4772 citiert.

468 4784 575 4838 ²Dent.
597 4800 637 4852 25,
661 4801 681 4852 5.
719 4787 836 4848 Quando
855 4787 1028 4842 habitaverint
1053 4788 1144 4843 fratres
1164 4790 1254 4856 sitnul,
1279 4799 1305 4843 et
1326 4809 1391 4844 unus
1411 4808 1443 4844 es
1463 4791 1501 4843 eis
1527 4790 1628 4859 absque
1648 4786 1736 4840 liberis

362 4863 488 4978 mortuuq⁴
501 4853 586 4936 fuerit,
606 4873 672 4938 uxor
690 4857 806 4911 defuncti
825 4875 879 4912 aron
898 4859 979 4912 nubet
998 4859 1081 4928 alteri,
1101 4859 1148 4914 sed
1166 4861 1277 4934 accipiet
1296 4877 1357 4916 earn
1372 4861 1452 4916 frater
1471 4861 1537 4928 eius,
1557 4868 1584 4912 et
1599 4857 1737 4913 suscitabit

363 4941 456 4980 semen
487 4934 561 4980 ratus
580 4941 627 4980 sua.
