3782 5532
341 311 383 373 48
1496 319 1617 378 Ohtober
1638 325 1712 392 1528.

340 482 369 550 la
392 484 585 551 conscientia
609 505 674 564 sua,
698 505 813 550 ancora
837 481 896 549 che
920 480 958 548 da
981 481 1073 549 molti
1097 480 1137 549 de
1161 483 1263 571 questi
1287 481 1395 570 prelati
1420 481 1503 550 fusse
1527 481 1627 564 detto,
1652 483 1711 550 che

339 591 366 656 si
395 601 510 678 poteva
534 589 578 655 far
602 612 704 671 senza,
729 589 761 657 di
785 587 843 656 che
867 590 975 670 stimo,
1006 589 1064 655 che
1092 612 1149 676 per
1171 589 1282 656 lettere
1312 588 1343 654 di
1365 589 1427 656 Sua
1450 588 1596 676 Signoria
1620 590 1711 658 Rma.

341 696 403 762 Sua
427 695 545 762 Santith
570 693 680 762 habbia
702 696 795 782 piena
819 706 850 761 et
874 692 1074 762 abbondante
1097 695 1209 762 notitia
1233 696 1332 782 prima
1357 695 1415 761 che
1441 696 1527 762 hora.

446 818 658 907 Ragionando
683 831 714 887 et
737 817 945 901 intendend0,
969 829 1088 906 quanto
1114 831 1144 886 et
1168 818 1198 884 S.
1224 818 1255 885 S.
1281 819 1371 887 Rma.
1402 839 1432 884 et
1461 818 1489 886 la
1512 819 1633 886 Maesta
1661 817 1713 884 del

340 948 374 992 re
399 947 495 993 erano
518 924 649 992 resoluti
672 926 704 990 in
729 935 836 1013 questa
860 926 989 991 materia
1020 923 1052 991 di
1075 925 1184 992 venire
1208 925 1265 992 alla
1288 923 1499 991 dissolutione
1528 923 1578 991 del
1606 925 1713 990 matri·

341 1032 465 1112 moni0,
494 1029 522 1097 le
551 1031 708 1118 presentai
737 1029 765 1096 la
793 1029 901 1097 lettera
931 1029 962 1096 di
990 1030 1031 1096 N.
1056 1029 1203 1117 Signore,
1237 1032 1269 1096 in
1302 1029 1455 1097 credenza
1487 1029 1527 1096 de
1560 1029 1588 1096 la
1620 1029 1712 1118 quale

341 1137 509 1204 cominciai
540 1159 557 1202 a
587 1135 675 1217 dirle,
705 1136 763 1202 che
793 1134 844 1202 nei
874 1137 988 1223 »partir
1025 1137 1092 1203 mio
1121 1135 1182 1202 Sua
1213 1135 1331 1204 Santith
1361 1159 1508 1224 pensava,
1539 1136 1598 1202 che
1622 1135 1652 1202 S.
1679 1135 1712 1201 S.

340 1244 431 1310 Rma.
455 1244 487 1308 in
511 1254 621 1331 questa
644 1243 774 1308 materia
798 1241 881 1308 fusse
905 1263 971 1308 non
1000 1241 1072 1308 solo
1101 1245 1169 1308 no'n
1197 1241 1336 1308 resoluta
1364 1263 1428 1308 con
1456 1241 1484 1308 la
1508 1243 1629 1308 Maesta
1659 1240 1713 1308 del

340 1373 390 1431 re,
419 1347 533 1416 made
563 1347 641 1415 altro
669 1370 778 1435 parere
806 1347 890 1414 ch’io
922 1370 988 1414 non
1020 1347 1047 1414 ia
1076 1349 1264 1430 ritrovava«,
1298 1350 1368 1415 cioe
1403 1346 1511 1414 ch'ella
1541 1346 1624 1414 fusse
1655 1369 1714 1435 per

340 1454 519 1522 affarticarsi
544 1478 627 1521 »con
651 1477 703 1521 me
727 1456 759 1520 in
775 1453 963 1542 persuadere
986 1453 1014 1520 ai
1037 1476 1081 1536 re,
1098 1453 1156 1521 che
1180 1456 1212 1520 in
1236 1466 1350 1543 questo
1366 1455 1390 1520 si
1418 1455 1547 1521 havesse
1568 1464 1714 1520 atenere

340 1585 382 1627 un
407 1560 486 1627 altro
510 1559 626 1642 modo,
658 1573 689 1627 et
711 1582 767 1647 per
790 1571 940 1628 eventura
963 1560 1103 1642 volesse,
1136 1561 1220 1628 ch’io
1243 1559 1439 1648 persuadessi
1463 1560 1526 1627 Sua
1549 1560 1713 1646 Maestha

339 1689 504 1734 remanere
528 1665 579 1734 nel
603 1667 809 1733 matrimonio
833 1688 926 1733 senza
949 1665 1025 1733 altra
1041 1664 1252 1734 declaratione
1276 1665 1350 1733 farta
1366 1689 1423 1754 per
1437 1664 1564 1733 iudicio,
1606 1664 1713 1731 Ache

339 1772 401 1841 Sua
425 1772 544 1840 Santita
567 1773 612 1838 mi.
636 1772 734 1840 havea
757 1771 827 1840 date
852 1794 998 1860 expresse
1028 1774 1249 1841 commissioni
1277 1773 1362 1840 ch'io
1392 1773 1436 1839 mi
1465 1771 1647 1839 affaticassi«
1680 1782 1714 1838 et

340 1901 402 1945 con
433 1878 464 1945 S.
494 1877 525 1944 S.
550 1879 657 1960 Rma.,
686 1902 720 1946 se
748 1878 935 1964 bisognava‚
965 1891 996 1945 et
1026 1902 1088 1945 con
1117 1878 1148 1945 S.
1177 1878 1221 1944 M.
1268 1879 1306 1946 Et
1334 1879 1388 1966 qui
1417 1879 1581 1965 soggiunsi
1610 1875 1714 1944 rnolte

340 1985 473 2070 ragioni,
498 1983 556 2051 che
579 2007 740 2052 moveano
764 1984 826 2052 Sua
849 1984 969 2051 Santith
992 2008 1009 2051 a
1035 2007 1203 2072 »procurar
1226 2003 1342 2074 questo
1367 1987 1432 2051 cosi
1451 1985 1628 2072 pertinente
1653 1981 1714 2049 alla

341 2091 545 2172 conscientia,
569 2089 696 2159 honore
720 2103 751 2158 et
775 2087 895 2178 dignita
918 2090 949 2158 di
973 2091 1004 2157 S.
1029 2091 1074 2158 M.
1100 2110 1131 2158 et
1154 2115 1171 2158 a
1194 2091 1360 2179 particular
1389 2089 1566 2158 commodo
1595 2112 1653 2155 suo
1679 2100 1714 2155 et

340 2195 391 2263 del
418 2218 520 2283 regno
549 2216 580 2264 et
604 2197 635 2264 S.
660 2197 692 2262 S.
721 2197 828 2278 Rma.,
858 2219 952 2263 come
981 2197 1081 2264 anche
1109 2221 1127 2264 a
1154 2199 1227 2264 tutti
1255 2197 1391 2264 cristiani
1421 2209 1452 2264 et
1480 2195 1537 2263 alle
1569 2195 1714 2263 calamita

340 2303 515 2389 presentia
539 2302 651 2391 lequali
668 2303 791 2390 ragioni
814 2325 870 2389 per
886 2321 1056 2370 momento
1080 2303 1138 2371 che
1156 2301 1292 2370 habbino
1310 2325 1460 2391 appresso
1487 2301 1537 2368 »di
1558 2325 1620 2384 me,
1642 2323 1713 2366 non

340 2431 486 2475 mossero
510 2410 587 2496 perb
611 2433 654 2476 uu
677 2419 778 2496 punto
802 2408 833 2474 S.
859 2408 890 2475 S.
917 2408 1007 2476 Rma.
1032 2407 1082 2475 dal
1098 2431 1187 2496 parer
1209 2431 1301 2491 suo«,
1325 2407 1491 2494 allegando
1508 2408 1566 2474 che
1589 2429 1624 2472 se
1641 2429 1713 2472 non

339 2516 365 2580 si
388 2515 516 2601 seguiva
543 2515 581 2582 »il
606 2513 765 2582 desiderio
790 2513 841 2580 del
864 2536 913 2596 re,
942 2513 963 2580 il
986 2514 1077 2604 quale
1102 2519 1118 2581 e
1143 2516 1268 2582 munito
1293 2527 1324 2582 et
1347 2513 1515 2582 iustificato
1543 2513 1582 2579 da
1610 2511 1713 2580 molte

338 2621 472 2707 ragioni,
496 2623 640 2688 scritture
665 2639 695 2688 et
720 2619 854 2707 consigii
879 2619 910 2686 di
934 2621 1025 2687 molti
1050 2620 1195 2688 huomini
1218 2620 1343 2688 litterati
1369 2632 1399 2688 et
1421 2621 1562 2688 timorati
1586 2617 1615 2684 di
1633 2618 1712 2700 Dio,

339 2725 397 2793 che
422 2749 463 2794 ne
487 2727 623 2814 seguiria
646 2739 749 2814 presta
779 2737 810 2794 et
833 2724 911 2793 total
940 2727 1029 2792 ruina
1058 2725 1109 2794 dei
1138 2750 1255 2814 regno,
1284 2726 1314 2793 di
1339 2728 1370 2794 S.
1394 2727 1425 2793 S.
1449 2728 1541 2795 Rma.
1571 2736 1604 2792 et
1630 2723 1714 2791 della

337 2834 537 2919 reputatione
561 2832 751 2900 ecclesiatica
775 2833 807 2898 in
831 2850 945 2921 questo
969 2855 1102 2919 regno«
1129 2833 1166 2900 Et
1183 2833 1310 2920 perche,
1335 2855 1428 2898 corne
1446 2833 1489 2898 ho
1506 2831 1606 2912 dett0,
1625 2851 1712 2896 sono

337 2951 420 3005 stato
444 2963 461 3004 a
485 2938 562 3006 letto
590 2957 622 3006 et
645 2961 729 3004 sono
757 2959 891 3019 ancora,
921 2938 952 3005 S.
977 2938 1008 3005 S.
1034 2939 1124 3006 Rma.
1160 2943 1316 3007 evenuta
1343 2957 1391 3006 tre
1419 2961 1439 3004 o
1468 2948 1593 3027 quattro
1623 2934 1713 3003 volte

340 3043 426 3131 dipoi
454 3067 471 3110 a
498 3044 665 3125 visitarmi‚
700 3055 731 3110 et
760 3043 933 3111 havemmo
963 3044 1082 3111 havuto
1115 3046 1346 3131 regionamenti
1381 3043 1411 3110 di
1441 3057 1488 3111 tre
1522 3055 1552 3110 et
1584 3051 1712 3131 quattro

338 3149 418 3217 hore
442 3151 586 3232 insieme,
609 3173 668 3238 pur
691 3172 816 3242 sempre
839 3173 933 3238 sopra
956 3162 1069 3238 questo
1093 3162 1195 3238 punto
1224 3149 1262 3217 da
1292 3173 1344 3218 me
1376 3153 1427 3217 »in
1460 3172 1558 3216 nome
1588 3147 1620 3214 di
1647 3146 1712 3214 Sua

339 3256 458 3324 Santith
482 3256 679 3324 combattuto
703 3268 735 3324 et
757 3257 910 3323 ricercato
934 3280 950 3322 a
974 3267 1095 3324 tentare
1120 3255 1152 3324 di
1174 3254 1370 3323 riconciliare
1398 3256 1529 3322 l'aninro
1553 3253 1584 3320 di
1607 3254 1638 3320 S.
1662 3253 1711 3320 M.

339 3385 401 3429 con
429 3385 463 3430 se
487 3361 665 3430 medesimo
696 3374 727 3430 et
750 3385 813 3428 con
835 3361 866 3428 la
887 3363 974 3430 reina
997 3386 1014 3428 a
1037 3385 1237 3450 perseverare
1267 3363 1352 3430 nello
1376 3375 1457 3430 stato
1482 3372 1623 3449 passat03
1657 3383 1713 3426 ma

338 3467 521 3537 finalmente
546 3491 612 3535 non
636 3468 701 3536 tho
725 3491 836 3535 mosso
859 3470 928 3557 pib,
956 3469 1014 3536 che
1038 3491 1072 3536 se
1096 3467 1218 3536 havessi
1242 3469 1361 3557 parlato
1384 3468 1424 3535 ad
1446 3491 1489 3534 un
1513 3465 1647 3555 scogho,
1671 3467 1712 3532 ri-

338 3573 529 3662 spondendo
552 3576 630 3663 pero
654 3597 779 3662 sempre
803 3597 864 3642 con
882 3571 1091 3642 fondamento
1117 3579 1183 3642 cosi
1206 3597 1299 3663 sopra
1326 3574 1373 3642 »la
1388 3572 1547 3642 invaliditb
1570 3571 1622 3640 dei
1645 3593 1711 3638 rna-

338 3682 503 3762 trimonio‚
527 3703 621 3748 corne
637 3679 716 3746 delia
740 3678 871 3748 stabilita
895 3681 944 3747 del
960 3703 1062 3767 regno
1087 3693 1117 3749 et
1133 3680 1212 3748 della
1228 3683 1461 3748 successione«.
1499 3679 1551 3746 Ne
1575 3678 1603 3745 le
1619 3677 1712 3767 quale

337 3789 474 3875 risposte
498 3786 540 3852 ho
563 3787 668 3853 inteso
693 3787 724 3850 in
741 3797 852 3873 questa
874 3789 1017 3854 matteria
1041 3787 1140 3853 molte
1160 3810 1244 3868 cose,
1269 3787 1342 3854 chio
1366 3809 1434 3853 non
1457 3808 1586 3873 sapevo‚
1610 3795 1641 3851 et
1663 3795 1711 3850 tra

338 3891 437 3959 l'altre
465 3893 509 3958 mi
533 3891 617 3973 dice,
646 3892 704 3959 che
729 3891 793 3958 »da
815 3892 857 3959 N.
881 3893 1017 3980 Signore
1045 3891 1154 3960 hanno
1181 3894 1282 3980 prima
1309 3893 1427 3960 havuto
1456 3891 1623 3978 consiglio,
1651 3891 1712 3957 che

337 4010 475 4066 transeat
498 3996 536 4064 ad
559 3997 696 4065 secunda
719 4010 808 4080 vota,
837 3998 895 4065 che
918 3999 973 4086 poi
997 3997 1186 4065 confirmari
1208 3999 1228 4064 il
1251 4011 1344 4080 tutt0,
1369 4011 1401 4066 et
1424 4000 1482 4066 che
1507 3998 1614 4064 hanno
1637 4017 1711 4083 pro-

339 4126 444 4170 messe
467 4115 498 4170 et
522 4104 619 4172 scritti
643 4102 674 4170 di
691 4127 788 4170 mano
813 4115 843 4171 et
866 4103 950 4170 bolle
974 4102 1005 4170 di
1022 4122 1106 4172 certa
1130 4103 1204 4172 altra
1221 4103 1377 4192 dispensa,
1401 4117 1433 4172 et
1453 4125 1628 4192 promessa,
1652 4102 1711 4169 che

339 4212 419 4277 circa
446 4210 475 4277 la
504 4211 733 4276 commissione
766 4229 873 4278 nostra
903 4231 968 4277 non
1000 4213 1152 4277 innovari
1180 4234 1255 4277 cosa
1282 4211 1407 4292 alcuna,
1436 4234 1488 4276 ma
1517 4211 1576 4276 che
1605 4208 1710 4276 subito

339 4314 528 4384 confirmata
551 4335 670 4406 quanto
696 4316 866 4384 haveremo
890 4315 979 4398 satt0,
1005 4327 1035 4384 et
1059 4339 1121 4384 con
1145 4330 1258 4405 questo
1283 4332 1314 4386 et
1336 4316 1403 4384 altri
1428 4317 1509 4384 mezi
1533 4316 1669 4383 buttono
1693 4339 1711 4383 a

337 4437 452 4505 terra«,
476 4441 594 4512 quanto
610 4423 653 4510 gii
670 4422 769 4489 dico.¹
810 4423 847 4488 Et
871 4423 986 4510 perche
1010 4445 1093 4489 sono
1116 4424 1149 4488 in
1172 4433 1285 4511 questo
1309 4424 1456 4510 pensiero
1483 4423 1573 4490 »tutti
1596 4421 1711 4490 abban·

339 4528 459 4611 donati,
482 4528 659 4596 sollicitano
683 4551 749 4594 non
767 4551 854 4616 pure,
879 4529 937 4596 che
961 4530 987 4595 si
1004 4530 1195 4617 compiaccia
1219 4528 1300 4610 loro,
1326 4551 1377 4595 ma
1394 4528 1452 4595 che
1476 4546 1584 4616 presto
1607 4531 1633 4594 si
1657 4553 1710 4596 ex-

337 4636 463 4724 pedisca
485 4659 548 4702 con
571 4634 673 4723 quella
688 4633 824 4716 celerith,
849 4637 907 4703 che
931 4637 975 4702 sia
999 4634 1146 4723 possibile
1154 4661 1163 4718 ;
1197 4633 1282 4702 onde
1307 4637 1338 4701 io
1364 4636 1407 4700 mi
1432 4656 1537 4722 veggo
1561 4635 1592 4700 in
1617 4657 1710 4722 gran-

338 4740 466 4808 dissima
490 4743 632 4828 angustia
656 4754 687 4809 et
710 4743 851 4834 trovomi
875 4765 918 4809 un
933 4763 1011 4829 gran
1036 4764 1114 4830 peso
1138 4739 1196 4808 alle
1218 4740 1324 4828 spalle,
1349 4745 1389 4807 ne
1405 4740 1499 4822 vedo‚
1523 4762 1617 4807 come
1642 4764 1710 4807 non

445 4961 454 4991 ¹
473 4951 564 5023 Vergl.
584 4951 673 5006 hietro
692 4951 790 5007 Histor.
810 4951 897 5022 Jahrb.
920 4953 986 5024 1892
1007 4953 1031 5006 S.
1052 4952 1102 5018 482
1122 4950 1176 5003 und
1195 4951 1237 5004 die
1257 4950 1459 5023 Bemerkungen
1479 4953 1548 5005 oben
1568 4952 1593 5008 S.
1615 4968 1655 5024 35.
