3796 5538
316 304 379 366 246
937 317 1008 372 Felix
1028 335 1080 372 von
1100 319 1179 373 Prato
1199 321 1263 374 liber
1282 319 1324 374 die
1344 320 1439 390 pipstl.
1459 319 1687 391 Dispensgewalt.

314 487 437 544 statuta.
485 475 556 542 Hoc
580 474 664 542 idem
689 477 719 542 in
745 475 879 564 reliquis.
926 477 1011 544 Nam
1035 475 1102 566 [ne]
1126 479 1231 566 gravia
1255 477 1446 568 quandoque
1470 481 1688 566 germinarent

314 581 472 663 scandala,
503 592 556 649 aut
583 580 746 670 augendae
777 584 930 652 amicitiae
962 607 1054 652 causa
1083 583 1120 651 ab
1150 584 1270 652 eisdem
1300 584 1506 654 Pontificibus
1534 585 1566 653 id
1594 585 1687 653 nobis

315 687 502 775 abnegatum
534 687 727 756 arbitramur.
781 689 1015 757 Omnimodam
1050 713 1167 779 nempe
1202 671 1230 756 a⁸
1250 691 1380 760 Christo
1413 692 1538 760 Summi
1570 691 1688 760 habent

314 792 485 862 Pontifices
502 796 732 876 auctoritatem,
758 797 876 862 maiora
898 797 1032 864 iustitiae
1049 795 1209 864 condendi
1233 809 1408 886 praecepta.
1447 798 1541 880 Quae
1557 798 1687 888 quidem

314 911 426 968 statuta
456 924 527 968 cum
553 900 764 969 conciliorum
787 913 855 968 tum
881 900 1057 970 eorundem
1083 903 1292 970 Summarum
1316 903 1509 973 Pontificum
1534 905 1688 994 (urgente

315 1005 422 1096 causa)
446 1005 579 1095 pedibus
601 1006 727 1074 illorum
751 1006 884 1076 subsunt
906 1007 1112 1090 Pontificum,
1136 1022 1168 1076 et
1191 1011 1344 1098 ipsorum,
1368 1012 1421 1099 qui
1445 1009 1630 1093 condidere,
1655 1021 1687 1077 et

314 1137 445 1181 suorum
470 1135 702 1182 successorum.
751 1113 973 1195 Quamobrem
998 1115 1167 1182 Summum
1190 1113 1382 1184 Pontificem
1406 1115 1630 1184 omnimodam
1656 1119 1688 1182 in

314 1221 419 1307 primo
443 1218 601 1286 affinitatis
624 1218 723 1307 gradu
748 1218 949 1309 dispensandi
974 1222 1194 1290 auctoritatem
1219 1220 1364 1290 obtinere
1388 1221 1556 1291 credimus.

419 1325 506 1394 Haec
535 1337 609 1392 sunt
638 1348 718 1416 quae
752 1325 837 1394 volui
872 1349 931 1414 pro
962 1325 1149 1394 defensione
1178 1329 1316 1396 veritatis
1348 1327 1406 1396 bac
1433 1329 1466 1396 in
1496 1351 1530 1396 re
1561 1327 1687 1396 dixisse.

315 1431 408 1512 Quae
442 1431 550 1498 omnia
583 1430 673 1498 Sedis
706 1433 911 1521 Apostolicae
943 1433 1103 1523 ipsiusque
1135 1432 1363 1516 moderatoris,
1395 1434 1520 1502 Summi
1541 1433 1689 1502 videlicet

313 1536 488 1618 Pontificis,
511 1536 638 1606 arbitrio
661 1537 837 1621 iudicanda,
865 1538 1070 1627 corrigenda,
1100 1538 1317 1622 emendanda,
1347 1539 1504 1609 abolenda
1534 1553 1565 1608 et
1589 1542 1687 1608 extin-

312 1643 450 1731 guenda,
475 1655 634 1733 utcunque
658 1643 791 1727 libuerit,
816 1643 929 1713 dedico
954 1657 1047 1735 atque
1071 1664 1251 1735 prosterno.

419 1749 525 1818 Frater
557 1749 643 1818 Felix
675 1750 832 1818 Pratensis
865 1750 985 1819 ordinis
1022 1752 1248 1820 heremitarum
1283 1753 1315 1818 S.
1356 1755 1502 1842 August,
1536 1755 1684 1820 omnium

314 1854 510 1922 familiarium
529 1855 679 1924 Sanctmi.
696 1879 732 1924 ac
749 1856 879 1924 Beatmi.
897 1857 937 1924 D.
956 1858 996 1926 D.
1015 1859 1114 1926 nostri
1131 1857 1318 1940 Clementis,
1338 1857 1544 1927 Clementmi.
1562 1859 1688 1927 Summi

312 1959 476 2030 Pontificis
500 1960 604 2030 divina
628 1961 827 2050 providentia
850 1965 976 2052 septimi
1001 1964 1169 2046 minimus,
1198 1965 1287 2033 cuius
1310 1964 1473 2034 Sanctitati
1503 1989 1555 2032 me
1581 1977 1687 2033 totum

312 2065 483 2158 [subiiciop

522 2243 627 2299 Lettere
642 2245 667 2298 di
681 2245 793 2316 Principi
810 2261 841 2312 14
860 2245 1037 2317 r627-632.
1070 2246 1214 2314 Abschriit,
1233 2248 1306 2302 nicht
1320 2247 1371 2302 viel
1384 2253 1480 2319 spater,
1500 2247 1563 2302 aber
1576 2249 1686 2302 manch-

418 2332 478 2387 t'ach
503 2332 652 2388 lehlerhaft.
690 2333 765 2388 Ganr
789 2351 833 2388 am
852 2334 977 2390 Schlusse
1002 2337 1035 2390 ist
1059 2336 1129 2390 beim
1154 2327 1385 2391 Einbinden'eine
1410 2336 1480 2390 Zeile
1503 2337 1551 2390 mit
1575 2337 1687 2391 sublicio

418 2422 483 2476 oder
502 2421 649 2476 humillime
664 2422 774 2478 sublicio
793 2423 858 2478 oder
871 2424 944 2478 einer
963 2423 1104 2478 ihnlichen
1118 2424 1262 2496 Wendung
1275 2425 1516 2496 weggeschnitten.
1547 2415 1621 2480 Uber
1635 2425 1685 2480 den

419 2510 559 2566 Veriasser
576 2510 648 2565 Felix
668 2528 721 2566 von
740 2512 820 2566 Prato
842 2511 950 2568 handelt
969 2512 1072 2567 Kaulen
1096 2512 1200 2583 (truher
1219 2512 1319 2582 Welte)
1339 2513 1365 2566 in
1384 2513 1493 2568 Wetaer
1512 2513 1564 2568 und
1582 2513 1687 2568 Weltes

419 2599 650 2666 Kirchenlexilron
670 2615 693 2654 2.
714 2599 783 2655 Aufl.
803 2599 930 2673 Freiburg
952 2603 1026 2671 1883,
1050 2602 1123 2656 Band
1143 2617 1166 2668 2,
1186 2601 1237 2656 col.
1260 2602 1316 2674 589.
1353 2602 1483 2657 Derselbe
1503 2619 1558 2656 war
1577 2602 1620 2656 ein
1639 2602 1685 2655 be-

418 2688 524 2742 kehrter
550 2686 630 2757 Jude,
658 2687 727 2742 daun
756 2689 1058 2760 Augustiner-Eremit,
1091 2689 1271 2744 bedeutender
1297 2689 1407 2744 Kenner
1436 2689 1484 2744 des
1511 2691 1686 2746 hebraischen

418 2774 587 2842 Bibeltextes,
607 2774 653 2828 der
671 2774 714 2829 die
733 2775 827 2830 Daniel
848 2777 1050 2849 Bombergsche
1070 2777 1263 2850 Ribelausgabe
1283 2776 1325 2831 ilar
1343 2777 1385 2832 die
1403 2777 1501 2849 Juden‚
1520 2779 1685 2850 Antia-emen

421 2863 496 2932 1518,
515 2864 649 2935 besorgte.

959 3096 1039 3179 147.

422 3258 485 3323 Uber
498 3272 560 3339 qwei
578 3271 672 3324 andere
686 3271 804 3324 Arbeiten
824 3271 952 3326 alrnliaber
967 3271 1016 3324 Art
1034 3273 1083 3326 wir
1096 3272 1138 3324 die
1153 3272 1315 3325 vorstehende
1333 3277 1405 3342 mige
1417 3272 1472 3324 hier
1490 3273 1553 3341 leur(
1570 3273 1686 3326 bericlstet

312 3359 420 3413 werden.
461 3359 502 3414 Sie
525 3359 607 3413 slehen
630 3359 699 3412 tetre
722 3361 749 3412 in
772 3361 828 3412 dem
853 3359 1068 3414 melnerturilmteu
1091 3360 1211 3414 Velamen
1237 3359 1308 3414 Arm.
1335 3359 1379 3414 ΧΙ.
1405 3359 1449 3414 ΧΙ.
1469 3360 1512 3430 58.
1550 3361 1602 3414 Die
1624 3369 1688 3416 erste

314 3449 350 3519 (s.
372 3447 486 3518 16—44)
508 3447 579 3509 subet
603 3447 655 3501 sicle
680 3449 731 3518 ans
748 3449 805 3500 dem
829 3447 956 3502 Titelblatt
980 3450 1020 3501 ein
1044 3452 1097 3503 als:
1118 3448 1260 3502 Caruilium
1284 3449 1346 3502 Dni.
1373 3449 1478 3502 Nicolai
1500 3448 1637 3504 lbolosani
1660 3453 1686 3503 in

313 3555 389 3593 carisa
409 3537 550 3592 lllmornm.
572 3537 639 3606 regis
658 3544 680 3589 et
705 3538 811 3606 reginae
830 3535 1024 3600 Britannorum,
1048 3539 1074 3590 in
1094 3555 1142 3609 qrro
1157 3537 1291 3608 probatur,
1314 3539 1381 3609 quad
1400 3545 1563 3610 praeceptum
1586 3539 1686 3592 deuon

312 3627 425 3680 druentia
440 3627 555 3679 relictam
566 3625 665 3694 fratris
678 3631 711 3678 est
730 3625 761 3678 de
776 3626 832 3678 inre
847 3627 967 3696 positivo,
983 3633 1005 3678 et
1015 3626 1073 3696 suit
1087 3633 1277 3697 praesentatum
1297 3643 1353 3679 cum
1364 3627 1544 3698 subscriptione
1562 3634 1585 3680 et
1598 3629 1686 3698 sigillo

312 3716 346 3769 nd
364 3717 446 3768 instar
464 3715 537 3767 buires
554 3712 695 3768 Caesareae
714 3713 846 3767 Maiestati
864 3713 908 3767 snlr
925 3715 968 3767 die
987 3730 1001 3766 a
1004 3729 1028 3782 5.
1049 3716 1167 3768 ianuarii
1183 3729 1258 3783 1533,
1277 3715 1345 3768 alias
1363 3714 1686 3785 naoreFlarerstireo153a,

312 3804 443 3856 Bononiae
459 3811 508 3873 per
528 3801 621 3856 lulium
646 3800 804 3856 laetandum
827 3805 909 3856 cirtem
930 3802 1068 3857 Serrensem.
1107 3801 1149 3855 Sir
1171 3803 1273 3856 handelt
1297 3803 1357 3856 siber
1381 3805 1443 3874 (wei
1466 3802 1573 3857 Punite:
1600 3803 1686 3858 Prinm

312 3899 398 3945 utrum
417 3893 473 3944 inre
487 3891 578 3943 diuina
592 3891 695 3962 pariter
713 3897 736 3944 et
755 3893 871 3944 naturali
886 3891 1042 3964 prohibitum
1056 3893 1089 3944 sit
1107 3891 1180 3945 hodie
1194 3899 1304 3962 tempore
1316 3893 1379 3962 legis
1397 3893 1569 3962 evangelicae,
1589 3910 1619 3945 ne
1631 3895 1686 3962 quis

312 3979 464 4034 christianus
483 3980 597 4032 relictam
609 3978 708 4048 fratris
727 3982 755 4032 in
774 3997 877 4033 uxorem
896 3981 980 4034 durat.
1019 3979 1132 4032 Secundo
1147 3987 1232 4032 utrum
1251 3981 1326 4033 liceat
1341 3979 1442 4034 Summo
1456 3979 1573 4051 Pontifici
1585 3981 1685 4053 dispen-

312 4085 369 4122 sare
387 4076 460 4138 super
478 4067 644 4120 matrimonio
663 4067 831 4121 contrahenda
851 4069 894 4121 uel
911 4074 1040 4121 contracto
1059 4084 1115 4120 rum
1134 4069 1223 4122 relicta
1239 4067 1345 4138 fratris.
1383 4067 1435 4121 Die
1453 4069 1602 4139 eigmtliche
1620 4069 1686 4122 Asu-

313 4155 538 4225 eiuandersetqung
556 4154 659 4224 beginnt
677 4156 760 4226 auss.
782 4154 814 4208 18
832 4159 879 4209 mit
897 4157 945 4208 den
964 4155 1080 4209 Warten:
1100 4155 1211 4208 Domine
1229 4155 1298 4210 labia
1317 4155 1420 4209 humilis
1436 4159 1507 4210 seran
1525 4159 1564 4210 tui
1582 4159 1686 4229 aperies,

313 4251 341 4298 ut
359 4261 385 4297 os
397 4261 480 4296 meum
493 4245 649 4296 annuntiare
666 4246 754 4298 ualeat
773 4245 908 4298 ueritatem
927 4251 1006 4308 tnarn,
1025 4245 1078 4296 und
1091 4243 1155 4313 qielrt
1174 4243 1257 4314 auss.
1271 4259 1305 4310 44
1324 4245 1372 4297 den
1389 4243 1499 4314 Schluss:
1519 4245 1551 4299 Et
1563 4263 1594 4298 ee
1608 4255 1686 4317 prae·

312 4333 387 4385 dictis
406 4337 518 4384 remanet
536 4329 617 4399 firma
636 4333 770 4396 continuio,
794 4334 905 4403 qualiter
925 4349 975 4385 raon
994 4339 1027 4385 est
1051 4333 1108 4384 iure
1125 4332 1219 4386 diuino
1233 4334 1335 4404 pariter
1353 4339 1375 4385 et
1394 4335 1511 4387 naturali
1532 4333 1686 4406 prohibitum

312 4420 386 4472 hodie
404 4425 513 4490 tempore
532 4419 596 4490 legis
614 4421 786 4491 evangelicae,
806 4439 836 4472 ne
855 4421 909 4492 quis
928 4421 1080 4474 christianus
1099 4421 1213 4474 relictam
1226 4421 1324 4490 fratris
1343 4422 1369 4473 in
1385 4439 1489 4474 uxorem
1508 4423 1592 4476 dieat.
1625 4421 1685 4475 item
1726 4409 1732 4414 '¹

314 4509 424 4580 qualiter
442 4508 498 4561 licet
520 4505 621 4560 Summa
642 4507 758 4578 Pontifici
776 4509 921 4581 dispensare
938 4518 1012 4576 super
1030 4509 1195 4562 matrimonio
1214 4509 1384 4563 contrahendo
1404 4516 1426 4562 rt
1445 4511 1518 4564 linarii
1536 4520 1609 4582 super
1627 4527 1686 4563 con-

313 4603 394 4651 tracto
413 4613 470 4649 cum
490 4597 579 4650 relicta
590 4597 689 4667 fratris
707 4603 837 4668 tamqnam
855 4607 929 4670 snper
948 4599 1004 4650 iure
1022 4615 1089 4650 mm
1105 4599 1217 4668 positivo
1232 4597 1364 4652 Ecclesiae.
1397 4597 1429 4652 Et
1447 4615 1464 4651 a
1477 4599 1619 4670 praedictis
1632 4606 1686 4671 post

312 4687 523 4756 dispensationem
542 4687 595 4739 iam
612 4685 714 4756 sartam
734 4693 756 4738 et
775 4687 969 4740 matrimonium
987 4692 1145 4738 contractum
1171 4703 1221 4738 non
1240 4687 1343 4739 videtur
1361 4693 1429 4740 lutras
1447 4704 1561 4740 recessus.
1599 4687 1632 4740 Et
1651 4689 1687 4740 ita

314 4779 436 4844 utsupra
455 4775 597 4827 conclusum
617 4781 651 4826 est
669 4774 726 4826 dico
745 4781 767 4827 et
786 4775 895 4827 consulu.
934 4773 988 4844 Ego
1005 4773 1127 4827 Nicolaru
1146 4773 1277 4827 Leonardi
1296 4773 1415 4828 Iohannis
1434 4773 1565 4830 Leonardi
1583 4775 1689 4848 Rogerii

313 4863 345 4914 de
368 4859 473 4914 llaolosa
499 4862 605 4914 existens
628 4863 655 4912 in
679 4859 769 4915 Tuscia
794 4863 822 4914 in
843 4869 913 4915 terra
938 4863 1009 4915 collis
1032 4861 1110 4915 vallis
1133 4860 1214 4914 helsae
1236 4859 1263 4914 U.
1285 4861 1305 4915 l.
1325 4861 1359 4916 D.
1379 4864 1452 4917 salva
1474 4873 1569 4935 semper
1592 4865 1687 4918 iudicio

316 4950 406 5002 rectius
428 4951 565 5011 sentientis,
590 4956 612 5000 et
632 4951 659 5000 in
671 4949 750 5018 fidem
770 4968 808 5002 me
826 4951 960 5021 subscripsi
983 4951 1132 5020 solitmnque
1151 4967 1232 5002 meum
1253 4951 1368 5021 sigillum
1387 4953 1499 5023 apposui.
1538 4951 1606 5006 Lases
1625 4953 1687 5007 Deo.
