3782 5532
320 317 361 380 58
1472 328 1593 384 Oktober
1614 329 1689 397 1528.

320 489 378 557 che
402 491 456 577 poi
479 489 521 556 lui
544 487 663 556 mandb
687 489 820 556 nomine
843 513 902 556 suo
926 488 947 556 il
973 491 1090 558 »Dario
1114 514 1176 558 con
1201 515 1266 558 uno
1291 489 1330 559 de
1352 488 1498 558 Madama
1513 489 1690 577 Margareta

320 618 375 683 per
398 614 537 663 ataccare
565 619 670 662 nuova
693 596 832 683 pratica«
860 607 891 664 et
915 594 1014 664 modo
1043 619 1099 685 per
1123 594 1177 664 dar
1201 597 1432 686 complinrento
1462 594 1521 662 aila
1542 618 1634 684 pace,
1658 606 1691 662 et

320 700 377 768 che
402 723 475 790 pare
499 700 587 779 hora,
612 700 669 768 che
693 702 738 768 sia
761 712 898 782 trovato,
923 702 993 769 cioe
1020 701 1099 769 »che
1122 701 1152 769 di
1177 725 1337 769 consenso
1365 700 1415 768 del
1439 701 1689 770 Cristianissimo

320 818 433 895 questo
456 805 609 874 re'faccia
638 829 747 894 pacem
773 819 805 874 et
828 829 949 874 novum
974 805 1086 874 foedus
1111 831 1174 874 con
1200 808 1354 888 cesare«,
1384 829 1451 873 non
1479 826 1586 874 tamen
1616 829 1690 874 cosa

319 911 422 979 molto
446 924 569 994 stretta,
599 936 650 979 ma
673 935 735 980 con
758 911 884 993 liberti,
913 912 971 979 che
995 937 1062 980 non
1085 911 1288 981 succedendo
1317 935 1393 1001 pace
1421 911 1596 980 universale
1623 913 1690 979 asia

319 1019 352 1085 in
375 1016 484 1086 Iiberta
512 1016 542 1085 di
566 1029 679 1106 questo
707 1039 741 1084 re
765 1015 977 1086 confederarsi
1007 1041 1070 1085 con
1094 1018 1224 1101 Gallo«,
1255 1030 1286 1086 et
1310 1028 1423 1107 questo
1452 1019 1477 1084 si
1500 1016 1529 1084 fa
1556 1016 1627 1084 solo
1650 1016 1690 1084 ad

321 1123 440 1206 efferto,
464 1124 523 1191 che
549 1135 739 1212 »questore
763 1145 830 1189 non
854 1123 898 1190 sia
921 1124 953 1189 in
977 1125 1141 1192 inimicitia
1164 1147 1225 1191 con
1251 1125 1368 1192 Cesare
1393 1137 1424 1191 et
1446 1125 1470 1190 si
1496 1146 1590 1213 possa
1613 1146 1690 1190 con-

321 1227 416 1297 fidare
440 1231 472 1296 in
496 1229 538 1296 lui
562 1230 593 1294 in
617 1227 746 1317 pigliare
770 1227 790 1294 li
810 1227 913 1297 obsidi
937 1248 969 1296 et
991 1232 1124 1298 securita
1147 1253 1203 1319 per
1225 1230 1314 1298 l'uno
1338 1241 1369 1298 et
1392 1229 1504 1310 l’aItr0,
1528 1241 1558 1296 et
1582 1229 1640 1296 che
1664 1230 1690 1295 si

320 1333 480 1423 adempirb
503 1355 621 1424 quanto
645 1338 712 1402 sara
736 1334 926 1417 concluso«,
955 1336 1013 1403 che
1038 1337 1176 1405 consiste
1200 1338 1232 1403 in
1259 1335 1397 1404 »render
1421 1347 1505 1402 certe
1529 1353 1611 1402 terre
1634 1357 1691 1422 per

320 1439 340 1506 il
365 1441 612 1509 Cristianissimo
641 1441 701 1509 alio
729 1441 939 1529 Imperatore,
969 1464 1062 1509 come
1086 1441 1177 1510 Edim
1203 1441 1360 1532 (Hesdin)
1385 1460 1417 1508 et
1439 1441 1629 1522 Tornacon,
1658 1451 1690 1508 et

320 1559 431 1635 pagata
452 1571 470 1614 a
493 1549 635 1616 contanti
658 1569 720 1614 una
736 1559 822 1635 parte
846 1548 886 1616 de
901 1546 930 1614 la
948 1546 1041 1635 taglia
1065 1546 1104 1615 de
1120 1547 1140 1614 li
1161 1547 1214 1614 dui
1237 1548 1359 1615 milioni
1384 1547 1426 1634 gli
1444 1547 1488 1614 sia
1513 1547 1688 1614 »restituito

319 1652 340 1720 il
355 1651 495 1735 Delfin0,
519 1654 573 1743 poi
597 1652 655 1722 che
678 1654 835 1720 restituira
855 1651 953 1720 l'altre
968 1666 1050 1720 terre
1075 1671 1106 1720 et
1128 1656 1242 1742 pagara
1265 1653 1286 1719 il
1304 1665 1389 1720 resto
1414 1665 1445 1720 et
1468 1653 1488 1719 li
1511 1654 1580 1719 sara
1601 1651 1689 1718 resti-

319 1759 400 1826 tuito
424 1759 524 1828 l'aItro
542 1758 695 1847 figliolon,
720 1770 752 1826 et
767 1778 880 1847 questo
904 1760 929 1824 si
946 1758 986 1825 ha
1002 1757 1041 1825 da
1056 1771 1251 1847 promettere
1274 1781 1330 1847 per
1345 1756 1433 1825 l'uno
1458 1777 1489 1825 er
1504 1779 1560 1845 per
1576 1756 1688 1839 l'altr0,

321 1877 352 1933 et
375 1865 488 1932 havere
513 1864 613 1932 obsidi
637 1863 675 1932 da
699 1865 786 1932 I'uno
811 1876 843 1933 et
858 1862 905 1931 dal
929 1863 1020 1947 altro,
1045 1877 1076 1932 et
1100 1865 1180 1932 cbe’l
1205 1865 1474 1933 »Cristianissimo
1497 1862 1607 1931 habbia
1623 1862 1690 1929 Ma-

320 1969 427 2038 donna
450 1971 600 2053 Lionora,
623 1971 644 2037 il
660 1969 788 2038 Delfino
813 1970 840 2037 Ia
862 1993 918 2038 sua
942 1969 1071 2058 figliola,
1096 1970 1115 2038 iI
1137 1969 1215 2038 duca
1239 1969 1270 2037 di
1287 1969 1417 2038 Orliens
1440 1981 1550 2058 questa
1572 1967 1691 2057 fiinola

321 2074 370 2143 del
386 2099 431 2158 re,
455 2095 487 2142 et
502 2075 582 2144 che’l
598 2098 700 2163 venga
723 2075 762 2143 ad
778 2075 915 2144 habitare
932 2078 986 2164 qui
1002 2075 1054 2143 nel
1069 2097 1171 2162 regno
1188 2095 1220 2142 et
1235 2099 1269 2144 se
1285 2077 1333 2143 usi
1357 2099 1420 2142 con
1436 2094 1545 2164 questa
1560 2094 1689 2163 gente«.

320 2182 379 2248 Poi
402 2183 447 2248 rni
471 2180 553 2249 disse
569 2182 696 2270 essergli
719 2192 846 2249 trattato
872 2180 924 2249 »di
948 2181 1022 2250 dare
1046 2205 1108 2249 una
1122 2180 1241 2267 figliola
1264 2181 1384 2251 natural
1401 2180 1451 2249 edi
1466 2181 1583 2250 Cesare
1606 2205 1624 2248 a
1645 2203 1689 2248 un

321 2287 464 2376 figliuolo
489 2287 625 2356 naturale
650 2287 680 2355 di
697 2300 810 2376 questo
834 2310 868 2355 re
892 2306 923 2356 et
940 2286 1014 2355 darli
1039 2287 1059 2353 il
1079 2286 1193 2355 ducato
1218 2286 1249 2355 di
1266 2287 1386 2354 Milano
1411 2290 1443 2355 In
1467 2287 1543 2356 dote
1566 2286 1690 2354 dicon-

320 2418 417 2462 senso
427 2381 493 2462 ‘del
516 2393 764 2461 Cristianissimo
773 2419 789 2456 n
822 2404 853 2461 et
876 2395 920 2460 mi
944 2392 1013 2460 dice
1041 2393 1100 2460 che
1124 2393 1241 2461 Cesare
1270 2394 1368 2461 havea
1397 2391 1544 2481 expedito
1573 2392 1615 2458 lui
1641 2391 1691 2458 sui

320 2500 544 2589 gentilhomini
566 2523 584 2566 a
607 2511 716 2588 questa
737 2500 869 2581 Maesta,
894 2522 960 2566 uno
983 2522 1041 2587 per
1063 2522 1149 2566 mare
1174 2516 1205 2565 et
1229 2498 1329 2566 l'altro
1353 2520 1409 2586 per
1431 2510 1521 2566 terra.

426 2605 512 2672 Hieri
532 2606 633 2672 scrissi
658 2606 706 2671 sin
728 2605 790 2694 qui.
830 2605 953 2686 Questa
978 2606 1108 2672 martina
1131 2605 1183 2672 nel
1199 2603 1265 2672 alba
1289 2601 1449 2672 standonri
1471 2605 1504 2670 in
1520 2602 1598 2670 letto
1622 2625 1690 2668 non

320 2734 404 2799 poco
431 2722 627 2778 tormentato
656 2709 734 2777 dalle
762 2722 868 2798 gutte,
896 2710 916 2777 il
941 2711 1036 2779 Rmo.
1059 2709 1259 2778 Eboracense
1290 2733 1414 2778 »venne
1436 2733 1454 2776 a
1476 2708 1629 2776 trovarmi
1657 2719 1691 2774 et

320 2818 364 2884 mi
387 2816 455 2884 fece
471 2815 646 2898 intendere,
670 2839 764 2883 come
788 2815 808 2882 iI
831 2839 864 2882 re
881 2816 979 2882 havea
1002 2815 1120 2904 pariato
1145 2839 1207 2884 con
1230 2815 1392 2903 laregina,
1416 2814 1444 2881 la
1460 2815 1531 2903 qual
1554 2813 1575 2880 li
1592 2813 1693 2880 havea

320 2921 503 2990 domandati
527 2922 725 3010 consiglieri,
753 2923 950 3010 procuratori
974 2933 1005 2989 et
1028 2921 1172 2989 advocati
1195 2921 1366 3002 forestieri,
1395 2932 1426 2989 et
1450 2921 1508 2988 che
1535 2941 1591 3007 per
1614 2941 1694 2986 con·

320 3025 437 3114 siglieri
460 3027 481 3094 li
504 3027 601 3095 havea
624 3030 786 3095 concessi«
813 3025 833 3092 iI
857 3027 951 3095 Rmo.
976 3027 1214 3115 archiepiscopo
1238 3027 1482 3107 Cantuariense,
1505 3024 1525 3092 li
1550 3026 1694 3113 episcopi

321 3132 487 3214 Roffense,
514 3133 743 3214 Bathoniense,
771 3131 1014 3214 Londoniense,
1042 3133 1063 3199 il
1087 3131 1252 3200 confessor
1280 3129 1359 3199 della
1386 3132 1508 3218 regina,
1538 3131 1692 3220 episcopo

448 3251 479 3306 et
501 3238 533 3305 lo
557 3240 709 3328 episcopo
833 3251 864 3307 et
887 3237 909 3305 iI
929 3237 1093 3306 cancellier
1117 3237 1156 3306 de
1177 3231 1365 3322 heliense'¹;
1399 3256 1519 3305 ernon
1543 3235 1693 3304 havendo

320 3342 430 3411 voluto
457 3344 704 3432 »contpiacerla,
730 3343 789 3412 che
812 3343 903 3411 habbi
927 3343 1089 3432 Spagnolo
1112 3343 1291 3426 forestiere,
1320 3346 1346 3412 si
1371 3347 1387 3412 ὲ
1411 3355 1607 3425 contentato,
1630 3342 1693 3410 che

320 3448 430 3518 habbia
450 3449 484 3517 tIi
507 3449 639 3518 Fiandra
666 3474 709 3517 un
733 3460 938 3538 procuratore
967 3468 998 3517 et
1021 3473 1064 3518 un
1088 3449 1167 3517 altro
1193 3449 1348 3518 advocato
1372 3460 1404 3517 et
1426 3472 1492 3516 uno
1515 3447 1693 3536 Spagnolo,

320 3555 379 3624 che
411 3556 439 3623 lt
469 3557 495 3623 si
522 3557 654 3638 ritrova‚
687 3555 776 3624 detto
806 3552 972 3622 Ludovico
996 3555 1094 3624 Vives
1103 3561 1125 3637 ²,
1155 3553 1246 3644 quale
1278 3554 1353 3623 altre
1382 3554 1468 3622 volte
1499 3557 1516 3620 e
1545 3564 1628 3622 stato
1655 3553 1691 3620 in

319 3674 432 3752 questo
456 3685 557 3750 regno
582 3674 613 3730 et
636 3661 675 3729 ha
698 3661 776 3730 letto
799 3662 832 3728 in
855 3658 961 3728 studio
978 3661 1176 3729 Oxoniense.
1222 3661 1260 3728 Et
1284 3657 1371 3748 dipoi
1394 3661 1439 3726 nri
1461 3658 1555 3738 disse,
1579 3657 1692 3727 chela

319 3769 428 3854 regina
450 3767 548 3835 havea
571 3767 765 3836 domandato
781 3766 906 3834 licentia
928 3766 956 3832 al
979 3789 1013 3834 re
1037 3765 1068 3834 di
1091 3768 1199 3835 venire
1222 3789 1279 3854 per
1298 3765 1485 3833 confessarsi
1508 3763 1546 3832 da
1570 3788 1632 3848 me,
1656 3777 1692 3834 et

320 3871 378 3939 che
401 3871 444 3959 gli
467 3872 495 3939 la
517 3874 617 3941 havea
637 3873 740 3941 data«.

428 3977 525 4045 »CosI
548 3977 606 4045 alle
628 3978 675 4045 IX
703 3978 781 4046 hore
804 3979 862 4046 che
891 4000 975 4046 sono
998 3977 1028 4044 Π
1050 3973 1101 4044 del
1127 3977 1255 4064 giorno,
1277 3999 1383 4044 venne
1405 3977 1633 4064 privatamente
1656 3995 1691 4044 et

318 4080 352 4149 fu
375 4105 468 4150 nreco
496 4081 674 4170 perlongo
702 4085 813 4172 spatio,
859 4085 898 4153 Et
920 4083 1044 4152 benchb
1072 4095 1155 4152 tutto
1179 4083 1224 4150 nri
1247 4081 1369 4150 dicesse
1397 4080 1455 4148 sub
1478 4080 1582 4169 sigillo
1611 4105 1689 4150 con-

427 4317 435 4348 ¹
454 4311 511 4364 Der
529 4311 707 4365 franabsische
726 4310 862 4366 Gesandte
885 4313 912 4367 iu
930 4311 1065 4383 England,
1089 4313 1153 4382 Jean
1174 4313 1207 4366 du
1227 4312 1326 4385 Bellay,
1351 4310 1463 4366 Bischof
1478 4327 1531 4366 von
1552 4312 1688 4385 bayonne,

320 4391 402 4437 nennt
434 4381 471 4436 Le
490 4381 593 4448 Grand‚
618 4382 684 4436 Hist.
704 4382 737 4436 du
756 4382 864 4436 divorce
888 4383 932 4436 III.
954 4385 1017 4454 195)
1037 4381 1123 4437 ausser
1145 4383 1244 4454 obIgen
1263 4383 1406 4438 Eischbfen
1429 4384 1500 4438 noch
1520 4383 1617 4438 Eneter
1634 4383 1688 4437 und

319 4453 377 4526 Ely.
440 4454 527 4507 erbert
546 4461 629 4506 nennt
646 4453 663 4505 l.
683 4469 705 4507 c.
725 4471 749 4524 p.
773 4469 833 4522 107:
856 4453 1029 4525 Canterbury‚
1049 4452 1107 4525 Ely,
1126 4453 1274 4507 Rochester
1293 4453 1346 4507 und
1364 4455 1401 4508 St.
1419 4455 1475 4508 Asa
1494 4455 1513 4508 h
1531 4455 1590 4523 (Dr.
1610 4455 1687 4510 Stan-

319 4524 399 4593 dish).
436 4524 487 4577 Die
512 4523 607 4577 beiden
626 4521 733 4576 Luchen
751 4525 778 4577 in
803 4524 912 4594 obIgem
931 4522 1018 4577 Texte
1035 4523 1145 4577 werden
1169 4523 1250 4576 daher
1268 4524 1342 4577 wohl
1366 4524 1448 4578 durch
1485 4535 1503 4579 t.
1522 4526 1615 4598 Asaph
1634 4526 1688 4580 und

318 4595 416 4649 Exeter
434 4612 466 4648 zu
484 4594 701 4666 erginzensein,
721 4594 774 4648 und
792 4593 1014 4648 wahrscheInlich
1032 4595 1066 4647 ist
1085 4593 1131 4646 der
1150 4593 1263 4647 Kanzler
1281 4611 1334 4647 von
1348 4594 1379 4646 El
1417 4602 1480 4648 statt
1499 4595 1545 4649 des
1566 4595 1687 4651 Bischoss

319 4683 372 4790 epp
386 4663 435 4736 Ely
433 4673 579 4789 11genennt.
610 4653 683 4719 Uber
702 4665 747 4723 Dr.
767 4664 891 4718 Standish
910 4663 992 4735 vergl.
1013 4664 1129 4729 Brewer,
1148 4663 1208 4717 The
1226 4665 1301 4734 reign
1326 4663 1357 4717 of
1372 4613 1464 4736 denry
1477 4665 1548 4720 V111.
1574 4665 1686 4720 London

321 4750 331 4788 1
372 4748 397 4799 4·
460 4749 545 4805 404

426 4805 544 4888 ²Vergl.
564 4806 628 4860 tiber
647 4805 692 4859 ihn
712 4823 735 4859 u.
755 4823 778 4860 a.
798 4804 828 4859 C.
848 4803 948 4872 Hofler,
967 4805 1048 4928 Papst
1066 4803 1165 4858 Adrian
1180 4804 1225 4859 VI.
1245 4805 1271 4858 S.
1293 4818 1343 4874 354
1361 4803 1387 4872 s,
1407 4805 1449 4874 e'nr
1468 4804 1612 4861 Schreiben
1632 4821 1685 4860 von

320 4875 376 4929 ihm
399 4875 463 4929 uber
486 4892 558 4930 seme
576 4875 766 4946 Beziehungen
789 4893 820 4929 zu
839 4875 983 4929 Katharina
1024 4876 1048 4929 ei
1074 4875 1182 4929 Brewer
1204 4875 1250 4929 IV.
1269 4893 1295 4929 n.
1313 4888 1392 4946 4990.
1428 4865 1502 4929 Uber
1524 4875 1566 4930 die
1592 4876 1685 4931 beiden

320 4945 436 5004 anderen
454 4946 577 5002 Anthte
597 4963 644 5001 aus
662 4946 793 5003 Flandern
811 4963 832 5002 s.
851 4946 925 5001 State
943 4945 1042 5018 Papers
1062 4945 1119 4999 V11.
1142 4943 1225 5014 11516.
