3824 5528
220 352 289 410 ¹5²9
307 338 366 409 Juli.
1529 327 1589 424 Ι121

217 497 447 567 consistorialis
471 497 699 575 advocatorum
724 500 859 567 consilio
884 511 915 568 et
937 501 1108 580 sententia,
1138 511 1172 566 ut
1195 498 1285 566 Tuae
1307 499 1479 581 Maiestati,
1504 499 1591 566 cuius

216 601 398 686 desideriis,
428 623 581 694 quantum
606 629 678 672 cum
703 606 776 673 Deo
805 605 891 688 licet,
923 605 964 673 ob
990 608 1056 674 eius
1080 629 1153 692 erga
1177 628 1237 673 nos
1261 605 1454 672 benemerita
1478 623 1509 670 et
1533 605 1591 670 im-

215 731 315 796 pensa
347 711 473 778 servitia
503 734 629 799 semper
662 711 839 778 satisfacere
872 731 902 779 et
935 711 977 778 illi
1010 733 1135 778 morem
1166 734 1276 798 gerere
1310 709 1558 778 desideravimus
1570 715 1590 791 ¹,

217 817 456 884 commisimus:
481 819 521 884 ita
537 841 633 898 nunc,
658 816 773 884 eodem
792 818 925 885 Caesare
950 841 985 885 ac
1003 818 1137 885 Carmis.
1162 816 1232 884 filiis
1256 818 1373 884 nostris
1389 814 1589 883 Ferdiuando

216 920 399 1010 Hungariae
424 935 456 990 et
478 921 666 1005 Bohemiae,
696 936 727 991 et
750 923 892 991 Iohanne
917 923 1132 1011 Portugalium
1157 943 1187 991 et
1211 923 1434 1011 Algarbiorum
1464 920 1590 1010 regibus

215 1025 324 1094 Illmis.
349 1026 592 1096 reclamantibus
616 1039 647 1096 et
670 1029 795 1096 anobis
819 1029 967 1098 iustitiam
992 1029 1096 1097 eidem
1114 1029 1302 1098 Catherinae
1326 1031 1453 1117 reginae
1478 1052 1588 1112 eorum

215 1135 332 1201 amitae
356 1135 525 1202 ministrari
547 1134 736 1222 petentibus,
760 1135 877 1203 scilicet
901 1137 1164 1204 commissionem
1187 1159 1297 1202 causae
1321 1135 1548 1224 appellationis,
1573 1157 1590 1200 a

217 1239 311 1305 certis
340 1240 512 1327 praetensis
540 1241 772 1328 gravaminibus
800 1264 857 1329 per
885 1240 1016 1308 eosdem
1048 1242 1169 1330 legatos
1198 1243 1254 1309 sibi
1286 1241 1375 1308 illatis
1406 1265 1462 1329 per
1489 1240 1588 1327 ipsam

217 1344 425 1412 Catherinam
442 1347 583 1434 reginam
601 1345 640 1414 ad
656 1345 771 1415 Sedem
789 1347 1008 1435 Apostolicam
1025 1349 1239 1436 interpositae,
1259 1348 1290 1413 in
1307 1347 1465 1434 signatura
1481 1368 1589 1412 coram

216 1449 311 1517 nobis
335 1471 366 1519 et
395 1451 612 1520 referendariis
642 1456 849 1541 propositam,
870 1495 906 1502 —-
932 1455 1079 1521 omnium
1102 1452 1387 1521 referendariorum
1412 1471 1489 1520 voto
1514 1475 1590 1520 con·

216 1555 339 1625 clusum
356 1557 423 1639 fuit,
447 1560 640 1646 signaturam
657 1558 758 1627 dictae
782 1561 1019 1628 commissionis
1043 1583 1115 1628 cum
1134 1582 1244 1626 causae
1268 1557 1449 1626 huiusmodi
1466 1581 1483 1624 a
1499 1556 1590 1626 dictis

215 1661 327 1750 legatis
356 1663 565 1732 abvocatione
590 1684 621 1732 et
649 1664 837 1733 inhibitione
865 1689 921 1754 per
949 1689 1019 1748 nos,
1048 1666 1162 1734 iustitia
1190 1663 1222 1731 id
1251 1666 1412 1752 exigente,
1442 1663 1591 1750 denegari

216 1790 284 1835 non
308 1791 413 1856 posse.
459 1770 585 1838 Tamen
610 1772 874 1839 commissionem
902 1773 1001 1860 ipsam
1026 1773 1151 1859 signare
1174 1769 1352 1839 distulimus
1383 1795 1418 1839 ac
1442 1793 1510 1838 rem
1534 1793 1590 1858 per

217 1897 332 1943 omnes
361 1875 391 1942 S.
417 1877 454 1944 R.
483 1877 517 1944 E.
542 1876 714 1945 cardinales
744 1880 775 1944 in
806 1901 903 1946 unum
935 1889 1148 1966 congregatos
1177 1900 1235 1966 pro
1264 1879 1331 1944 iure
1359 1900 1394 1943 ac
1423 1874 1590 1963 diligenter

216 1983 388 2048 examinari
412 2001 442 2049 et
466 2005 578 2050 eorum
602 1996 729 2066 votum,
758 1983 832 2073 quid
863 2007 918 2072 per
946 2007 1007 2051 nos
1036 1985 1068 2050 in
1096 1985 1275 2072 praemissis
1306 1981 1465 2072 agendum
1494 1981 1587 2061 foret,

217 2085 321 2154 haberi
339 2085 513 2170 voluimus;
537 2089 612 2177 ipsis
628 2111 705 2156 vero
723 2090 863 2156 unanaini
880 2108 958 2157 voto
975 2088 1212 2171 affirmantibus,
1233 2088 1333 2157 dictae
1351 2088 1589 2156 commissionis

215 2194 409 2281 signaturam
426 2193 550 2261 differre
570 2218 636 2261 non
656 2196 828 2283 potuimus.
868 2195 1073 2284 Quapropter
1088 2196 1289 2263 Maiestatem
1304 2194 1410 2262 Tuam
1427 2217 1588 2281 rogamus,

215 2310 251 2365 ut
272 2321 376 2388 aequo
398 2303 506 2367 animo
530 2299 617 2383 ferat,
641 2303 667 2368 si
689 2312 763 2390 post
779 2325 910 2384 annum,
934 2325 998 2391 quo
1015 2303 1106 2369 huius
1130 2302 1367 2368 commissionis
1391 2301 1585 2388 signaturam

215 2403 349 2472 anobis
372 2407 502 2494 petitam
534 2420 564 2475 et
587 2430 643 2494 per
666 2430 726 2474 nos
750 2430 981 2495 saepenumero
1005 2407 1062 2474 alia
1085 2427 1177 2496 atque
1201 2407 1258 2474 aha
1282 2405 1320 2474 de
1345 2429 1436 2474 causa
1464 2407 1589 2493 signare

215 2509 353 2593 dilatam,
378 2513 452 2600 ipsis
468 2511 577 2600 legatis
602 2515 634 2580 in
651 2536 742 2580 causa
765 2515 830 2601 ipsa
854 2513 1126 2602 procedentibus‚²
1148 2525 1179 2580 et
1202 2514 1267 2601 ipsa
1291 2513 1399 2600 regina
1418 2510 1589 2579 Catherina

215 2614 398 2684 huiusmodi
422 2620 614 2704 signaturam
632 2631 770 2707 petente,
795 2643 833 2686 ex
856 2619 1140 2687 referendariorum
1166 2632 1197 2686 et
1213 2620 1358 2686 omnium
1383 2616 1587 2686 cardinalium

215 2741 373 2790 consentu
400 2722 528 2792 tandem
557 2727 681 2814 signare
705 2727 805 2794 coacti
833 2724 995 2808 fuerimus,
1025 2751 1065 2794 ne
1090 2724 1128 2794 de
1153 2724 1245 2792 nobis
1273 2727 1352 2792 iuste
1377 2722 1486 2813 aliquis
1511 2746 1587 2790 con·

214 2829 304 2915 queri
328 2829 423 2897 aede
446 2831 610 2899 Maiestate
634 2831 706 2898 Tua
730 2831 860 2922 obloqui
882 2845 1001 2920 posset.
1048 2832 1098 2900 De
1114 2831 1226 2922 quibus
1251 2830 1399 2899 omnibus
1422 2829 1514 2897 latius
1531 2850 1586 2916 per

215 2931 267 3000 dil.
288 2931 388 3002 filium
412 2949 558 3004 nostrum
582 2936 770 3006 cardinalem
788 2938 999 3028 Campegium
1020 2940 1167 3007 Maiestas
1184 2937 1255 3006 Tua
1278 2937 1400 3026 plenius
1424 2934 1587 3003 informari

215 3040 344 3125 poterit.

322 3146 440 3214 Datum
466 3149 588 3218 Romae
612 3147 662 3216 die
687 3170 734 3232 19.
759 3147 828 3216 Iulii
855 3169 947 3235 1529.
994 3151 1091 3217 Anno
1116 3163 1216 3218 sexto.

1103 3274 1138 3340 L.
1163 3274 1234 3341 Car.
1259 3275 1312 3341 SS.
1337 3285 1481 3362 quatuor.

426 3411 502 3466 Brev.
528 3413 591 3466 min.
611 3412 652 3468 Cl.
666 3413 724 3466 Vll.
743 3413 796 3468 vol.
817 3427 859 3479 24,
878 3431 903 3468 n.
925 3415 983 3468 116.
1020 3415 1075 3468 Der
1098 3414 1312 3469 unterzeichnete
1336 3413 1461 3467 Kardinal
1484 3413 1517 3465 ist
1541 3411 1588 3464 der

323 3498 563 3570 Grofsponitentiar
577 3501 731 3554 Laurentius
747 3502 833 3568 Pucci,
853 3502 953 3556 Oheim
973 3503 1018 3556 des
1038 3504 1262 3574 obengenannten
1282 3501 1403 3556 bischofs
1419 3507 1476 3554 'von
1489 3500 1586 3569 Pistoja

323 3587 375 3640 und
398 3592 521 3658 spateren
540 3587 678 3642 Kardinals
697 3590 828 3644 Antonius
848 3590 935 3646 Pucci.
973 3591 1028 3645 Das
1052 3592 1230 3646 vorstehende
1254 3591 1334 3645 Stuclr
1358 3591 1403 3643 hat
1428 3605 1488 3642 man
1513 3587 1585 3642 wohl

323 3673 360 3728 als
379 3675 420 3728 die
440 3677 611 3748 cigentliche‚
636 3695 666 3730 so
687 3696 717 3730 au
736 3695 819 3749 sagen
839 3678 961 3734 offlzielle
980 3679 1130 3751 Mitteiluug
1154 3681 1218 3734 taber
1236 3679 1278 3732 die
1302 3677 1416 3748 erfolgte
1437 3676 1587 3730 Avolration

324 3780 354 3816 zu
372 3763 534 3831 betrachten,
553 3765 681 3819 uvdhrend
700 3765 742 3819 die
762 3765 856 3819 beiden
876 3766 1020 3837 folgenden
1042 3768 1118 3822 mehr
1137 3765 1520 3838 Entschuldigungsschreiben
1539 3764 1586 3816 des

323 3851 432 3922 Papstes
456 3869 489 3904 an
508 3853 633 3907 Heinrich
658 3853 710 3906 und
731 3853 843 3926 Wolsey
862 3854 927 3909 sind.
965 3856 991 3910 S.
1011 3857 1048 3908 im
1066 3856 1176 3927 hbrigen
1201 3855 1242 3908 dfe
1266 3863 1348 3908 unten
1372 3852 1516 3925 folgenden
1536 3851 1585 3904 Be-

323 3938 495 4010 merlrungen.
533 3939 568 3994 Zu
591 3939 653 3994 dem
666 3941 767 3994 Votum
790 3942 837 3996 der
856 3943 996 3996 Kardinile
1021 3943 1104 4015 vergl.
1123 3944 1165 3998 die
1188 3945 1284 3998 beiden
1303 3943 1504 4014 Eintragungen
1522 3956 1587 3993 vom

326 4024 364 4079 16.
383 4024 435 4097 Juli
456 4041 523 4099 1529
541 4027 568 4081 in
586 4027 638 4081 den
656 4028 920 4084 Konsistorialalrten.

870 4224 934 4309 59.

368 4379 547 4447 Clemens
568 4381 636 4448 VII.
661 4405 700 4449 an
725 4383 909 4450 Heinrich
930 4383 1013 4450 vul,
1061 4385 1155 4465 Rom,
1184 4405 1231 4469 19.
1256 4383 1316 4468 Juli
1343 4402 1435 4468 1529.

326 4537 357 4591 So
376 4539 452 4609 lange
470 4541 519 4592 wie
537 4541 646 4610 moglich
671 4541 731 4593 habe
749 4543 795 4594 der
814 4540 888 4614 Papst
906 4543 962 4595 dena
982 4541 1108 4612 Drclngea
1127 4543 1172 4594 der
1193 4541 1374 4605 Kaiserla'clrea,
1396 4539 1493 4592 obwobl
1509 4541 1586 4590 deren

218 4626 400 4698 Forderungen
421 4645 491 4697 gan(
507 4627 641 4699 barechtigt
665 4647 761 4693 auareaa,
784 4631 981 4695 widerstauden,
1006 4649 1047 4682 um
1072 4632 1132 4684 alles
1156 4631 1213 4682 dem
1236 4629 1320 4700 Konig
1342 4627 1534 4699 Unatragenehme
1555 4643 1585 4695 (u

216 4715 378 4776 vermeideu,·
403 4716 501 4768 eadlicla
519 4717 579 4768 aber
596 4716 657 4770 habe
674 4735 702 4769 er
720 4717 782 4770 doch
800 4717 846 4770 aler
867 4717 1051 4790 Gerechtigltcit
1071 4720 1123 4772 und
1140 4719 1186 4772 der
1204 4719 1388 4788 einstimma'geu
1406 4704 1586 4785 Minaeuguug

326 4897 334 4928 ¹
352 4891 416 4944 Hier
434 4891 537 4945 scheint
556 4893 598 4946 ein
608 4891 694 4959 Wort‚
715 4902 784 4946 etwa
803 4893 1019 4965 obsequeremur,
1038 4895 1064 4949 in
1083 4895 1129 4950 der
1142 4895 1243 4950 Minute
1263 4892 1452 4964 ausgeblieben
1470 4909 1501 4944 zu
1520 4891 1585 4945 sein.

325 4961 378 5015 ¹S.
399 4961 469 5014 oben
488 4961 529 5015 die
549 4962 752 5034 Remerlrungen
771 4981 802 5016 zu
821 4963 867 5017 Nr.
890 4978 928 5032 34.
1255 4974 1261 4988 “
