3850 5534
215 355 283 422 1528
301 355 386 428 april.

870 520 932 604 18.

351 705 353 708 -
444 657 623 727 Clemens
643 660 712 728 VlI.
738 683 777 727 an
801 660 984 728 Heinrich
1004 661 1088 728 VIII.
1114 659 1179 729 und
1201 659 1363 751 Wolsey.

684 767 833 848 orvieto,
858 767 887 833 8.
912 767 1000 854 April
1027 769 1119 853 1528.

322 906 367 960 Da
385 907 432 959 der
449 907 571 979 bisherige
592 909 704 962 Nuntius
722 910 750 961 in
769 908 899 979 England,
922 907 1026 962 Uberius
1044 909 1079 962 da
1100 907 1240 974 Gambara,
1265 909 1400 962 erwdhitcr
1418 910 1522 981 Bisaltas
1536 927 1588 964 voa

218 993 342 1060 Tortona,
366 995 431 1048 nach
450 994 542 1049 italien
565 996 760 1068 rurrtckgekehrt
782 998 822 1062 ist,
845 1015 871 1050 so
894 995 937 1050 hat
960 997 1007 1050 der
1025 997 1100 1069 Papst
1123 999 1160 1050 bis
1184 1015 1230 1068 (ur
1249 997 1394 1068 Bestellung
1417 1000 1483 1051 eines
1502 997 1589 1052 Nach-

205 1081 310 1153 solgers
327 1083 377 1136 den
396 1083 553 1155 pdpstlicben
574 1085 658 1138 Notar
678 1083 803 1155 Sylvester
821 1085 921 1138 Darius
943 1088 990 1140 mit
1009 1085 1132 1158 Fdhrung
1154 1085 1201 1139 der
1218 1085 1385 1155 hetreffenden
1406 1085 1539 1158 Geschdfle
1561 1089 1589 1139 in

214 1169 342 1242 England
360 1171 467 1226 betrout.
505 1173 593 1226 Dabar
612 1171 781 1244 Empselrlung
800 1173 853 1226 und
870 1173 1067 1245 Beglaubr'gaag
1085 1174 1215 1228 desselben.

430 1313 505 1366 Brev.
525 1313 588 1367 min.
609 1313 649 1368 Cl.
663 1313 720 1368 VlI.
741 1313 794 1368 vol.
814 1329 856 1381 21,
875 1332 900 1370 n.
923 1330 969 1384 315
986 1331 1010 1368 u.
1027 1313 1084 1383 316.
1123 1314 1257 1386 Sylvester
1276 1316 1372 1370 Darius
1392 1333 1437 1370 aus
1457 1316 1544 1372 Lucca
1563 1316 1589 1370 in

323 1399 417 1455 italien
436 1419 492 1455 war
511 1401 611 1456 damals
630 1401 791 1473 pipstlicher
804 1402 990 1457 Sublroilelrtor
1008 1403 1034 1456 in
1049 1401 1178 1474 England.
1215 1404 1252 1457 So
1272 1412 1354 1458 neunt
1373 1403 1418 1457 ihn
1437 1403 1516 1458 Kard.
1532 1403 1589 1458 Sal-

323 1489 386 1543 viati
409 1491 435 1543 in
460 1490 548 1544 einem
567 1490 711 1544 Schreiben
730 1508 794 1545 vom
816 1506 855 1545 12.
874 1491 948 1545 Mirr
970 1491 1044 1560 1528.
1082 1491 1166 1544 Nunz.
1187 1491 1212 1544 di
1236 1490 1344 1546 Francia
1367 1492 1388 1546 1.
1408 1510 1433 1563 p.
1450 1493 1506 1546 182.
1539 1492 1591 1547 Die

325 1577 444 1632 annunt
466 1577 613 1632 Gambaras
633 1597 679 1633 aus
701 1579 823 1650 England
841 1580 868 1633 in
881 1577 994 1634 Orvieto
1014 1577 1129 1650 erfolgte
1148 1596 1191 1633 am
1211 1594 1252 1648 27.
1264 1579 1338 1633 Mara
1355 1581 1420 1648 1528
1439 1580 1473 1648 (s.
1487 1579 1592 1653 Strype,

324 1665 397 1720 Ecci.
416 1664 570 1721 memorials
588 1665 607 1720 1.
627 1681 651 1722 2.
671 1684 695 1738 p.
710 1669 770 1739 79);
796 1667 838 1722 die
852 1669 1016 1740 Emennung
1034 1667 1081 1722 des
1100 1667 1287 1736 Intemuntius‚
1307 1667 1404 1722 dessen
1417 1667 1504 1722 Name
1522 1669 1591 1722 auch

325 1757 415 1824 spater
433 1754 505 1808 noch
524 1755 762 1810 verschiedentlich
782 1757 922 1824 erscheint,
947 1756 1067 1827 geschah
1084 1755 1159 1810 wohl
1178 1757 1226 1810 mit
1245 1755 1388 1810 Rucksicht
1406 1755 1455 1810 auf
1470 1755 1512 1811 die
1524 1757 1592 1811 Ver·

325 1847 472 1914 zogerung,
491 1843 596 1898 welche
609 1844 652 1898 die
664 1843 782 1898 Ankunlt
801 1842 848 1898 des
861 1844 980 1917 Legaten
993 1844 1192 1916 (Campeggio)
1211 1843 1238 1898 in
1251 1843 1373 1916 England
1391 1844 1592 1916 notwendiger-

326 1929 411 1984 weise
429 1929 551 1985 erfahren
570 1931 675 1986 musste

602 2177 781 2246 Consilium
800 2200 895 2266 super
918 2202 1010 2247 causa
1033 2178 1216 2268 Anglicana.

328 2317 425 2386 Kuraes
443 2316 575 2371 Protolroll
592 2320 662 2372 einer
680 2318 811 2390 Beratung
830 2337 879 2372 vor
897 2320 953 2373 dem
973 2320 1061 2392 Papste
1083 2321 1144 2374 tiber
1161 2322 1203 2374 dic
1220 2338 1273 2374 von
1291 2321 1429 2391 mglischer
1449 2320 1515 2374 Seite
1533 2337 1596 2374 vor-

217 2405 373 2477 gebrachten
392 2405 700 2478 Elaescheidungsgrrinde.

328 2529 422 2596 Pater
445 2539 562 2596 sancte.
609 2529 662 2596 Isti
686 2547 829 2598 oratores
852 2531 1062 2619 praetendunt
1085 2531 1201 2600 litteras
1225 2532 1469 2620 dispensationis
1493 2533 1598 2600 matri-

220 2633 372 2702 monialis
394 2633 493 2701 nullas
517 2657 555 2701 ex
579 2635 717 2724 quinque
741 2637 851 2704 causis.

325 2741 445 2822 Primo,
469 2741 542 2829 quia
564 2740 597 2809 in
620 2738 679 2808 illis
703 2753 853 2824 narratur,
882 2742 968 2833 quod
999 2745 1066 2831 ipse
1093 2765 1148 2811 rex
1172 2742 1316 2831 cupiebat
1343 2742 1594 2824 matrimonium,

216 2845 306 2937 quod
330 2845 450 2914 dictum
468 2870 538 2914 esse
560 2845 683 2929 falsum,
708 2871 781 2915 cum
804 2847 835 2915 id
859 2871 926 2915 non
942 2859 1064 2937 peteret
1087 2871 1146 2916 nec
1163 2849 1258 2917 etiam
1283 2849 1429 2916 notitiam
1454 2848 1596 2917 habuerit

215 2953 451 3041 impetrationis
473 2951 646 3021 litterarum
671 2953 916 3041 dispensationis
940 2953 1134 3023 huiusmodi.

324 3058 485 3141 Secund0,
509 3059 596 3150 quod
620 3061 860 3127 matrimonium
884 3059 1127 3129 contrahebatur
1151 3062 1274 3129 ratione
1296 3058 1505 3129 conservandi
1528 3059 1595 3127 foe-

216 3164 301 3233 deris
325 3177 358 3233 et
379 3167 476 3253 pacis,
500 3189 595 3255 quam
619 3189 745 3234 causam
771 3165 879 3234 dicunt
904 3189 971 3233 non
996 3190 1064 3234 esse
1089 3190 1148 3234 nec
1172 3165 1383 3236 sufficientem
1408 3165 1446 3233 ad
1470 3165 1594 3254 dispen-

216 3273 378 3340 sationem
402 3270 659 3354 concedendam,
689 3295 762 3340 cum
786 3271 906 3340 nullum
934 3274 1149 3361 praevenisset
1171 3263 1308 3355 bellum,
1336 3296 1396 3340 nec
1423 3271 1593 3340 admittunt

217 3401 345 3446 causam
370 3379 454 3466 pacis
478 3377 715 3446 conservandae
738 3379 771 3445 in
795 3401 868 3446 casu
891 3379 953 3446 isto
977 3375 1188 3447 sufficientem
1212 3377 1334 3446 fuisse¹
1551 3469 1553 3474 Δ

324 3483 439 3550 Tertio
455 3485 527 3572 quia
543 3503 618 3552 tunc
633 3485 788 3574 temporis
805 3485 989 3573 impetratae
1006 3483 1251 3573 dispensationis
1267 3496 1332 3551 erat
1346 3484 1407 3551 XII
1423 3507 1591 3565 annorum,

217 3601 249 3657 et
273 3590 319 3656 sic
342 3613 410 3657 non
432 3588 592 3678 legitimae
616 3592 742 3673 aetatis;
775 3587 831 3658 sed
854 3588 1075 3678 respondetur,
1098 3589 1185 3680 quod
1208 3601 1275 3658 erat
1296 3589 1362 3657 doli
1386 3591 1512 3678 capam

324 3695 463 3779 Quarto,
486 3695 573 3785 quod
589 3695 709 3787 aliquae
733 3721 772 3765 ex
793 3697 939 3785 personis
963 3696 1135 3764 nominatis
1158 3698 1191 3763 in
1213 3695 1324 3764 litteris
1348 3695 1592 3782 dispensationis

216 3821 294 3871 tuuc
318 3812 408 3870 erant
430 3800 610 3885 dehinctae,
639 3814 671 3871 et
693 3815 860 3892 propterea
883 3801 1109 3890 praetendunt,
1137 3826 1174 3870 ex
1197 3802 1256 3870 hac
1284 3800 1359 3869 falsa
1387 3801 1591 3890 expressione

215 3907 336 3977 litteras
359 3907 442 3996 ipsas
465 3931 534 3975 esse
557 3909 778 3997 surreptitias¹

324 4013 450 4095 Quinto
475 4026 506 4081 et
530 4013 654 4096 ultim0‚
682 4015 715 4081 in
738 4038 803 4105 quo
827 4015 971 4082 consistit
998 4026 1066 4082 tota
1089 4011 1264 4096 difficultas,
1293 4015 1374 4081 etsi
1398 4012 1476 4094 hoc,
1504 4011 1591 4103 quod

215 4119 337 4203 dicunt,
362 4139 445 4188 esset
469 4117 508 4188 de
531 4121 598 4189 iure
621 4143 749 4204 verum,
772 4120 927 4188 Sanctitas
943 4121 1058 4189 Vestra
1087 4131 1196 4207 posset
1219 4119 1375 4187 declarare
1399 4140 1494 4206 super
1516 4118 1590 4201 hoc,

215 4225 305 4317 quod
333 4227 408 4294 iuris
436 4239 529 4294 esset.
574 4225 789 4295 Praetendunt
812 4229 914 4308 enim,
942 4225 1029 4316 quod
1057 4247 1112 4293 rex
1141 4235 1332 4313 protestatus
1360 4227 1475 4306 tuerat,
1503 4221 1590 4313 quod

213 4355 429 4366 ...—.-—--

325 4428 335 4458 ¹
353 4420 406 4474 Die
424 4419 606 4475 betreffenden
620 4420 715 4475 Worte
733 4421 759 4474 in
778 4420 825 4474 der
838 4419 1027 4492 Dispensbulle
1041 4419 1133 4492 Julius'
1146 4419 1179 4475 11.
1198 4418 1300 4474 lauten:
1319 4417 1354 4472 ad
1372 4419 1433 4486 hoc,
1453 4427 1480 4473 ut
1499 4417 1588 4472 huius-

214 4491 292 4547 modi
313 4490 430 4544 vinclum
474 4490 528 4544 acis
553 4500 579 4546 et
605 4492 736 4546 amicitiae
760 4492 828 4546 inter
870 4490 986 4546 raesatos
1010 4507 1089 4562 reges
1115 4498 1142 4545 et
1165 4506 1193 4544 re
1215 4491 1284 4546 'nam
1308 4488 1403 4544 diutius
1426 4496 1589 4560 permaneat.

214 4564 317 4617 Burnet
336 4561 356 4616 1.
371 4559 440 4616 coll.
454 4509 487 4615 ll.
507 4579 532 4616 n.
548 4577 570 4616 r.
603 4562 697 4616 Wolse
728 4561 820 4617 wollte
867 4579 931 4616 esen
944 4561 1037 4618 Grund
1054 4561 1156 4616 hiniatlli
1232 4559 1291 4628 den,
1311 4559 1373 4614 weil
1392 4559 1493 4614 damals
1512 4559 1589 4613 keine

213 4631 389 4696 Feindschaft
407 4630 586 4714 oderlGesahr
605 4634 677 4686 eines
696 4582 759 4687 line
780 4649 809 4687 es
828 4633 964 4689 zwischeu
981 4632 1105 4705 England
1123 4578 1177 4686 uui
1195 4629 1310 4701 Spanien
1329 4629 1494 4700 obgewaltet
1512 4629 1589 4684 habe

214 4705 242 4760 S.
263 4705 338 4758 scine
357 4701 519 4757 Instrultron
539 4720 572 4758 an
592 4703 674 4774 Greg.
693 4650 789 4758 Casale
809 4703 824 4758 l.
844 4721 867 4758 c.
887 4721 912 4758 n.
935 4719 957 4773 3.

323 4772 387 4828 'ln
413 4773 475 4827 dem
499 4773 629 4828 Zeitraum
656 4775 792 4829 zwischen
815 4773 990 4858 Ausstellung
1016 4773 1063 4828 der
1087 4773 1221 4898 Dispense
1246 4771 1300 4826 und
1321 4769 1438 4842 Vollzug
1462 4770 1509 4824 der
1531 4771 1589 4826 Ehe

214 4845 357 4900 Heinrichs
377 4843 426 4898 mit
443 4843 588 4898 Katharina
605 4859 696 4898 waren
715 4844 827 4900 Isabella
843 4862 897 4899 von
911 4843 1040 4898 Kastrlien
1060 4843 1113 4898 und
1157 4843 1257 4898 einrich
1271 4841 1329 4896 Vll.
1349 4842 1507 4914 gestorben;
1528 4842 1589 4896 des·

214 4915 279 5041 lpalb
297 4916 377 5041 solllte
395 4913 439 4969 die
452 4914 584 4986 Dispensc
603 4915 725 4988 ungultig
739 4917 805 4971 sein.
835 4914 923 4987 Vergl.
943 4915 995 4970 den
1014 4911 1308 4988 englischenEutwurs
1324 4911 1371 4967 der
1382 4911 1588 4968 Dekretaibulle.

238 4997 317 5042 umet
344 5004 393 5042 .c.
413 5004 439 5040 n.
463 5000 501 5040 ro.
