3782 5532
190 359 259 416 1529
276 343 347 415 Juni.
1499 323 1562 386 103

295 501 320 569 Π
343 503 496 570 tesoriere
519 502 549 570 di
574 514 683 591 questa
704 502 834 582 Maesta,
858 499 917 568 che
933 499 1026 588 passo
1045 498 1073 566 al
1090 497 1338 566 Cristianissimo
1362 494 1413 564 col
1429 493 1508 564 duca
1531 491 1562 563 di

190 608 333 677 Soffolco
357 607 406 676 alli
423 609 479 690 IX,
503 607 536 676 lu
551 610 604 697 qui
627 607 658 676 di
681 609 805 676 ritorno
829 629 923 695 sopra
944 604 974 674 le
993 604 1133 694 pratiche
1156 601 1187 670 di
1202 614 1312 691 questa
1334 624 1422 689 pace,
1445 601 1563 689 perche

189 713 295 804 aquei
319 702 514 797 cli'intend0,
537 716 663 782 instano
688 713 795 781 chesi
819 711 944 794 risolva,
969 713 1068 801 etqui
1092 733 1159 777 non
1184 711 1211 776 ci
1236 707 1342 798 equel
1365 706 1480 790 calore,
1504 707 1563 776 che

187 820 343 909 potrebbe
367 845 462 903 esser,
487 833 517 888 et
540 822 621 888 vassi
643 843 661 887 a
684 821 751 886 mio
776 841 884 906 parere
907 816 1066 907 portando
1090 817 1213 884 innanzi
1238 839 1294 904 per
1316 814 1432 883 vedere
1456 813 1476 880 il
1499 812 1563 880 fine

189 950 210 992 o
227 925 356 994 almeno
380 951 422 994 un
439 927 525 994 buon
549 925 698 994 indirizzo
714 949 732 994 a
748 937 857 1014 questa
881 947 987 1006 causa;
1020 935 1051 992 et
1066 935 1179 1012 questo
1197 923 1301 990 Rmo..
1316 918 1346 988 la
1362 921 1439 1008 ogni
1455 943 1562 1008 opera,

188 1033 306 1121 perche
335 1035 361 1100 si
385 1031 539 1101 concluda
567 1055 629 1100 con
653 1033 788 1101 autorita
816 1029 846 1099 di
869 1030 911 1099 N.
936 1030 1082 1118 Signore,
1112 1043 1143 1097 et
1166 1029 1186 1095 il
1210 1027 1459 1096 Cristianissimo
1489 1038 1520 1093 et
1543 1023 1564 1091 il

190 1164 249 1208 suo
273 1163 322 1222 re,
353 1163 409 1228 per
437 1151 555 1229 quanto
584 1140 628 1206 mi
655 1137 740 1219 dice,
768 1136 955 1206 desiderano
983 1137 1076 1220 assai,
1107 1137 1166 1204 che
1188 1135 1214 1202 si
1242 1133 1387 1204 conduca
1409 1157 1427 1200 a
1449 1147 1563 1222 questo

189 1259 318 1315 trattato
342 1248 374 1313 in
395 1244 553 1328 Cambrai,
577 1258 608 1314 et
631 1244 756 1327 dicemi,
781 1245 839 1312 che
863 1243 1009 1314 absoluto
1033 1243 1095 1312 hoc
1118 1243 1251 1331 negotio
1270 1241 1313 1330 gli
1336 1240 1509 1311 anderemo
1533 1240 1563 1309 di

190 1353 397 1441 compagnia,
427 1365 458 1420 et
485 1375 552 1419 non
580 1375 614 1418 se
638 1375 679 1418 ne
707 1353 878 1440 partiremo
902 1373 936 1417 se
960 1372 1028 1417 non
1059 1371 1121 1417 con
1146 1347 1358 1437 grandissimo
1383 1347 1509 1416 honore
1533 1360 1565 1415 et

188 1457 386 1527 satisfatione
409 1457 441 1526 di
456 1457 519 1526 Sua
534 1457 748 1541 Beatitudine3
779 1481 831 1524 ma
854 1456 886 1525 di
902 1469 1016 1545 questo
1033 1456 1073 1522 V.
1090 1455 1121 1522 S.
1146 1453 1225 1522 deve
1249 1453 1365 1522 havere
1379 1451 1564 1542 amplissimi

186 1563 331 1653 raguagli
353 1587 410 1652 per
433 1564 510 1631 altre
534 1563 595 1631 vie.

294 1689 332 1755 Li
349 1689 426 1756 avisi
449 1687 507 1756 che
531 1689 576 1754 mi
600 1688 639 1754 ha
662 1687 773 1754 scritto
795 1685 837 1754 V.
861 1685 905 1769 S.,
934 1688 978 1752 mi
1002 1708 1085 1754 sono
1115 1687 1186 1753 stati
1208 1685 1393 1773 gratissimi,
1422 1697 1453 1752 et
1476 1706 1565 1751 com·

185 1793 405 1863 municandoh'
429 1817 491 1862 con
514 1794 543 1861 la
566 1794 687 1862 Maesta
715 1792 765 1861 del
795 1817 829 1861 re
858 1805 889 1860 et
918 1791 969 1860 col
997 1792 1092 1860 Rmo.
1121 1816 1162 1859 ne
1191 1792 1298 1860 hanno
1327 1791 1444 1859 havuto
1473 1813 1565 1879 gran-

184 1902 321 1970 dissimo
349 1901 491 1989 piacere;
524 1901 602 1988 perd
631 1897 659 1968 la
681 1923 783 1988 prego
812 1911 987 1966 commetta
1009 1922 1027 1965 a
1051 1899 1120 1986 Sgr.
1146 1899 1285 1980 cecc01,
1316 1898 1375 1965 che
1399 1899 1431 1964 in
1456 1909 1565 1986 questa

183 2020 275 2096 parte
300 2005 436 2074 affatichi
459 2005 590 2095 qualche
615 2003 700 2073 volta
722 2005 751 2072 la
774 2028 889 2094 penna.

291 2131 330 2198 Et
358 2153 425 2198 non
455 2127 600 2198 havendo
630 2129 709 2197 altro
738 2129 784 2196 nri
811 2127 1059 2196 raccommando
1083 2151 1101 2194 a
1124 2129 1165 2195 V.
1190 2128 1234 2210 S.,
1262 2125 1457 2216 pregandola
1478 2151 1497 2195 a
1518 2140 1564 2194 te·

183 2239 290 2306 nermi
319 2239 352 2303 in
375 2237 532 2304 memoria
556 2247 587 2302 et
610 2235 716 2303 buona
743 2236 842 2322 gratia
865 2234 895 2302 di
920 2234 962 2302 N.
987 2234 1139 2322 Signore,
1171 2233 1210 2302 de
1234 2233 1262 2302 la
1285 2236 1335 2301 cui
1358 2233 1457 2302 salute
1479 2256 1564 2300 sono

182 2343 419 2412 infinitamente
443 2341 579 2430 allegro;
613 2345 679 2409 cosl
702 2341 768 2408 Dio
792 2340 824 2408 lo
848 2342 988 2430 preservi
1013 2355 1044 2409 et
1066 2340 1177 2430 guardi
1201 2343 1232 2409 in
1257 2340 1346 2409 felice
1370 2354 1463 2411 stato

292 2469 334 2534 Di
360 2465 487 2536 Londra
510 2465 561 2534 alli
589 2470 626 2534 16
651 2465 682 2535 di
704 2467 827 2554 giugno
855 2485 948 2551 1529.

291 2643 505 2732 Ragionando
531 2666 593 2711 con
617 2655 731 2733 questo
754 2643 849 2711 Rmo.
874 2641 966 2712 dela
989 2666 1065 2731 pace
1089 2656 1121 2712 et
1143 2643 1194 2712 del
1215 2645 1325 2712 venire
1350 2643 1381 2716 di
1405 2644 1467 2712 Sua
1491 2645 1552 2710 San

180 2751 239 2818 tiu
261 2749 289 2818 al
311 2750 445 2840 luogh0,
474 2749 556 2818 dove
580 2751 605 2816 si
628 2747 746 2817 facesse
769 2762 931 2818 convento
954 2773 1011 2838 per
1035 2747 1186 2818 condurla
1214 2753 1259 2818 mi
1282 2749 1380 2834 disse,
1409 2751 1468 2818 che
1491 2751 1553 2818 Sua

180 2860 304 2928 Santita
326 2856 470 2926 secondo
492 2855 512 2923 li
535 2857 626 2938 avisi,
650 2855 709 2922 che
733 2855 851 2923 haveva
873 2854 912 2923 da
935 2856 1078 2939 Francia,
1102 2879 1169 2925 non
1193 2859 1219 2925 si
1243 2857 1461 2943 condurebbe,
1484 2881 1554 2948 per-

180 2966 242 3034 che
265 2963 451 3033 dimandava
474 2961 584 3030 alcune
608 2961 805 3045 condicioni,
833 2960 892 3030 che
916 2961 1035 3031 haveva
1058 2961 1108 3032 del
1131 2963 1242 3048 Dario,
1267 2978 1298 3032 et
1319 2977 1367 3033 tra
1389 2964 1499 3050 l'altre,
1523 2955 1555 3033 di

180 3073 297 3140 havere
320 3094 377 3159 per
399 3072 554 3138 sicurezza
577 3093 632 3137 sua
655 3093 696 3136 ne
719 3067 748 3136 le
772 3069 856 3136 mani
882 3091 902 3135 o
926 3067 1085 3158 Marsiglia
1109 3093 1129 3137 o
1153 3071 1284 3156 Roano;
1317 3085 1348 3141 et
1371 3073 1403 3140 io
1427 3072 1552 3161 risposi,

181 3179 242 3247 che
265 3201 334 3245 non
357 3178 402 3243 mi
424 3199 538 3264 pareva
553 3175 733 3258 verisimile,
758 3175 816 3242 che
832 3175 895 3244 Sua
909 3176 1030 3244 Santita
1052 3175 1250 3244 dimandasse
1273 3176 1356 3244 simil
1375 3201 1460 3260 cosa,
1483 3201 1553 3267 per-

181 3285 243 3353 che
265 3287 307 3351 ne
332 3281 382 3350 dal
405 3282 666 3364 Cristianissimo,
695 3284 737 3348 ne
760 3279 799 3348 da
822 3281 939 3349 Cesare
963 3281 1083 3351 haveva
1105 3280 1216 3351 alcuna
1238 3285 1436 3370 suspicione,
1468 3307 1560 3351 acco

180 3388 343 3459 standomi
367 3412 385 3455 a
407 3386 524 3477 quello,
553 3386 612 3455 che
635 3388 676 3454 V.
701 3387 732 3454 S.
756 3386 833 3454 altre
855 3385 941 3456 volte
970 3389 1016 3454 mi
1039 3387 1078 3455 ha
1101 3388 1210 3456 scritto
1235 3387 1325 3456 dela
1354 3387 1557 3472 confidentia,

181 3497 242 3564 che
267 3495 306 3563 ha
329 3494 392 3562 Sua
415 3493 612 3562 Beatitudine
636 3493 668 3559 in
684 3492 768 3560 l'una
792 3505 824 3562 et
846 3492 944 3560 l'altra
967 3492 1007 3561 de
1030 3492 1101 3560 loro
1117 3493 1248 3578 Maestl,
1273 3508 1304 3563 et
1320 3498 1387 3562 cosl
1411 3518 1558 3583 passamo

181 3601 273 3670 oltre.
314 3599 417 3669 Tutto
439 3623 496 3688 per
519 3599 639 3668 adviso.

289 3723 445 3792 Havendo
474 3725 610 3792 ritenuta
637 3735 747 3813 questa
774 3721 841 3790 lino
868 3722 897 3790 al
924 3725 1042 3812 giorno
1070 3739 1218 3813 presente
1246 3725 1379 3814 bisogna
1407 3725 1490 3793 ch’io
1514 3726 1557 3814 gli

180 3829 278 3898 faccia
294 3842 403 3920 questa
419 3832 539 3918 gionta.
577 3829 655 3897 Non
672 3829 816 3897 obstante
839 3827 948 3896 lamia
970 3829 1213 3918 indispositione
1231 3834 1248 3897 ὲ
1265 3844 1449 3899 convenuto
1473 3831 1556 3899 ch'io

178 3936 278 4005 faccia
301 3937 454 4024 portarmi
478 3946 588 4024 questa
610 3936 741 4002 mattina
769 3933 797 4002 al
820 3934 919 4023 luogo
943 3934 1093 4023 deputato
1120 3959 1176 4024 per
1200 3948 1312 4004 nostro
1335 3935 1470 4006 tribunal
1494 3961 1556 4006 con

181 4043 250 4110 mio
265 4040 479 4129 grandissimo
496 4039 731 4109 discommodo.
777 4040 871 4109 Dove
895 4043 955 4109 sie
978 4040 1052 4110 latta
1075 4041 1104 4110 la
1125 4041 1277 4111 relatione
1301 4041 1384 4110 dela
1407 4043 1556 4112 citatione

179 4148 212 4218 di
229 4149 332 4238 questi
348 4147 461 4214 Sermi.
486 4171 530 4230 re,
555 4160 586 4214 et
609 4146 773 4215 laSerma.
797 4148 907 4236 regina
924 4151 941 4216 ὲ
957 4170 1123 4236 compassa
1146 4149 1178 4214 in
1195 4172 1332 4237 persona
1356 4161 1387 4217 et
1403 4148 1434 4219 di
1458 4149 1556 4218 bocca

179 4279 251 4338 sua,
281 4277 320 4322 ex
343 4254 462 4342 scripto
485 4255 574 4342 perd,
603 4253 643 4320 ha
665 4265 852 4341 protestat0,
879 4277 936 4343 per
963 4253 1005 4322 tal
1032 4257 1265 4343 comparitione
1295 4278 1362 4322 non
1389 4255 1555 4325 intendere

179 4361 211 4430 di
234 4358 430 4450 preiudicare
452 4359 492 4428 ad
507 4358 617 4427 alcuna
640 4382 695 4427 sua
718 4361 860 4447 ragione,
884 4365 925 4428 ne
941 4360 972 4429 di
996 4362 1160 4430 accettarci
1183 4363 1215 4428 in
1239 4360 1344 4443 iudici,
1368 4385 1463 4429 come
1486 4385 1555 4430 non

178 4481 300 4535 accetta
323 4478 355 4534 et
377 4489 487 4534 recusa
509 4467 593 4534 iuxta
616 4464 752 4533 formam
769 4465 924 4534 exhibitae
946 4468 1194 4556 protestationis,
1217 4465 1403 4556 appellando
1427 4479 1486 4534 etc.
1516 4491 1554 4534 ex

178 4573 281 4641 causis
310 4573 471 4641 contentis
499 4574 530 4639 in
560 4571 699 4641 exhibito
728 4574 952 4655 instrumento,
982 4572 1011 4642 le
1038 4572 1120 4662 quali
1148 4572 1409 4662 principalmente
1438 4586 1553 4643 stanno

176 4703 216 4748 su
240 4679 268 4748 la
290 4679 472 4767 suspicione
496 4677 535 4746 de
558 4677 653 4747 iudici
680 4690 810 4769 propter
833 4677 982 4748 adductas
1004 4681 1143 4748 rationes
1167 4678 1206 4747 ad
1228 4679 1433 4749 Sanctitatem
1456 4681 1553 4753 Suam

177 4981 221 5034 h·
268 4907 408 5034 cssntppcco
431 4927 489 4964 war
516 4907 563 4963 der
590 4909 713 4964 Sekretar
737 4927 771 4963 an
796 4910 842 4964 der
866 4909 947 4964 Kurie
973 4909 1015 4963 ihr
1038 4909 1080 4963 die
1106 4909 1175 4965 hus·
1200 4909 1254 4965 und
1277 4911 1418 4983 Eingange
1445 4913 1472 4967 in
1497 4913 1552 4968 Ge-

197 4997 267 5034 etms
