3810 5528
349 262 413 324 210
1431 275 1499 329 Acta
1517 271 1721 330 consistorialia.

348 434 398 502 die
421 434 502 501 iovis
526 433 576 501 vel
598 434 722 502 veneris
751 433 789 502 ad
813 448 900 517 octo,
929 457 1008 523 quae
1033 435 1091 501 erit
1119 433 1186 503 dies
1216 437 1396 504 consistorii
1424 454 1456 503 et
1478 433 1606 502 iuridica
1629 434 1721 502 XVI.

347 541 491 610 februarii
521 540 600 608 hora
630 542 811 608 consistorii
842 543 874 608 in
906 540 1020 629 palatio
1051 541 1228 630 apostolico
1260 565 1367 610 coram
1399 543 1567 610 Sanctitate
1597 542 1660 608 Sua
1689 554 1722 608 et

347 649 445 716 Rmis.
470 648 560 714 Dnis.
586 646 707 734 publice
732 659 763 714 et
786 646 864 715 facta
888 649 979 735 copia
1003 649 1157 714 universis
1181 647 1389 716 interessendi
1413 667 1444 716 et
1468 646 1624 715 audiendi.

450 755 488 821 Et
512 751 626 820 deinde
649 754 681 819 in
706 752 862 820 audientia
885 754 1040 843 sequenti,
1064 776 1143 843 quae
1168 757 1225 822 erit
1250 755 1300 822 die
1316 754 1419 836 lunae,
1444 753 1511 822 fieri
1534 753 1646 821 debeat
1670 777 1719 820 re-

345 861 420 928 latio
436 881 492 948 pet
508 859 611 926 Dnos.
628 858 799 940 auditores
824 859 924 926 rnodo
942 882 1006 948 quo
1023 858 1228 928 declarabitur
1251 863 1295 928 eis
1313 884 1369 948 per
1384 861 1589 928 Sanctitatem
1605 860 1720 942 Suam;

345 979 377 1034 et
404 989 498 1054 super
526 966 705 1055 praemissis
734 977 765 1032 et
795 987 907 1032 eorum
938 965 1139 1033 ordinatione
1169 986 1199 1034 et
1228 966 1328 1034 modo
1356 965 1467 1033 dandis
1495 965 1586 1033 dictis
1613 965 1721 1053 dispu-

344 1071 514 1140 tationibus
537 1071 698 1154 faciendis,
728 1083 759 1138 et
782 1072 822 1139 de
846 1070 1002 1139 electione
1029 1071 1090 1139 loci
1115 1085 1146 1140 et
1169 1073 1322 1161 temporis
1346 1072 1472 1140 fuerunt
1495 1072 1585 1140 electi
1610 1086 1641 1140 et
1664 1071 1721 1140 de·

343 1181 440 1267 putati
469 1202 525 1267 per
549 1179 753 1246 Sanctitatetn
778 1178 873 1244 Suam
903 1177 942 1244 de
966 1177 1059 1244 simili
1086 1200 1246 1246 consensu
1271 1180 1353 1246 Rmi.
1378 1180 1452 1246 Dni.
1478 1178 1661 1246 Portuensis
1687 1192 1720 1246 et

343 1285 524 1352 Sabinensis
548 1285 688 1372 episcopi
715 1282 910 1351 cardinales.¹

448 1392 571 1460 Rornae
602 1390 652 1458 die
682 1391 808 1458 veneris
836 1389 924 1458 XVI.
957 1388 1100 1456 februarii
1130 1410 1211 1475 1532
1242 1391 1299 1458 suit
1329 1393 1554 1458 consistorium
1588 1393 1619 1456 in
1648 1390 1718 1458 aula

341 1497 528 1586 pontificum
559 1498 728 1585 superiori,
757 1498 788 1562 in
814 1517 878 1586 quo
901 1519 960 1583 pro
985 1498 1201 1564 controversia
1225 1499 1420 1565 matrimonii
1451 1499 1533 1565 inter
1556 1497 1717 1564 Sennum.

340 1627 450 1692 regem
475 1616 506 1672 et
529 1604 672 1690 reginam
689 1601 833 1690 Angliae,
857 1601 908 1670 ubi
918 1601 1051 1670 luerunt
1074 1602 1245 1671 introducti
1269 1603 1429 1671 auditores
1446 1604 1547 1672 Rotae
1571 1617 1603 1671 et
1621 1603 1718 1692 aliqui

339 1711 467 1800 praelati
491 1733 642 1778 necnon
664 1711 722 1776 viri
746 1708 887 1790 litterati,
917 1721 1077 1797 praeterea
1102 1722 1244 1780 oratores
1269 1711 1412 1778 Caesaris
1435 1733 1498 1778 una
1521 1733 1594 1778 curn
1618 1709 1719 1776 advo-

340 1819 415 1886 catis
440 1830 470 1885 et
493 1816 750 1906 procuratoribus
774 1816 913 1902 reginae,
939 1839 996 1882 nec
1021 1839 1088 1882 non
1113 1829 1256 1884 oratores
1272 1816 1407 1904 Angliae
1431 1839 1504 1883 cum
1529 1829 1717 1884 excusatore

339 1926 453 1992 eteius
477 1922 647 2004 advocatis,
671 1924 724 2012 qui
748 1942 915 2010 postquam
940 1945 1008 1988 non
1023 1919 1149 1990 fuerunt
1174 1924 1362 2004 concordes,
1386 1947 1479 2011 super
1501 1947 1565 2012 quo
1581 1923 1717 1991 articulo

339 2049 422 2098 esset
446 2028 680 2119 disputandum,
705 2040 871 2096 excusator
894 2027 981 2096 dedit
1005 2028 1227 2096 conclusiones
1251 2032 1420 2117 impressas
1443 2053 1580 2097 nurnero
1604 2028 1717 2106 XXV,

338 2135 476 2204 offerens
505 2147 704 2224 separatum
729 2133 886 2223 disputare
917 2134 1014 2202 dictas
1039 2158 1153 2202 omnes
1182 2135 1434 2202 conclusiones.²
1479 2137 1538 2202 Per
1565 2157 1717 2222 procura-

338 2263 424 2310 tores
456 2255 487 2310 et
509 2241 682 2310 advocatos
705 2243 834 2329 reginae
850 2239 906 2308 luit
930 2262 1130 2329 responsum,
1155 2265 1189 2308 se
1213 2243 1428 2328 paratissimos
1453 2265 1521 2309 esse
1545 2241 1583 2308 ad
1607 2241 1717 2328 dispu-

337 2349 480 2432 tandum,
504 2350 607 2438 ipsum
632 2366 850 2416 excusatorem
875 2369 942 2414 non
967 2370 1035 2415 esse
1059 2346 1301 2414 admittendum.
1350 2347 1406 2438 (A.
1431 2346 1451 2415 f.
1481 2346 1571 2437 195.)

443 2455 566 2523 Rornae
590 2453 640 2522 die
665 2454 811 2520 mercurii
828 2453 978 2521 XXVIII.
1002 2452 1079 2520 febr.
1102 2473 1183 2540 1532
1207 2452 1265 2521 fuit
1284 2455 1413 2522 consist.
1455 2455 1718 2541 Compatuerunt

337 2571 480 2628 oratores
498 2561 640 2628 Caesaris
665 2583 736 2627 cum
754 2559 914 2627 advocatis
938 2572 970 2627 et
984 2558 1241 2646 procuratoribus
1257 2561 1397 2646 reginae,
1422 2571 1452 2626 et
1469 2558 1585 2626 eodem
1610 2557 1716 2626 modo

336 2679 479 2734 oratores
504 2687 534 2734 et
558 2685 724 2734 excusator
746 2666 830 2753 regis
852 2663 987 2752 Angliae
1011 2687 1083 2732 curn
1109 2667 1174 2731 eius
1198 2664 1369 2747 advocatis,
1397 2667 1449 2755 qui
1474 2664 1718 2753 disputaverunt

334 2785 397 2840 tres
423 2773 654 2840 conclusiones.
701 2773 824 2838 Primo:
850 2771 895 2837 Ex
919 2771 1057 2837 materiis
1086 2773 1204 2838 nostris
1228 2771 1348 2839 elicitur
1378 2773 1472 2838 etiam
1495 2770 1655 2860 probabile
1680 2792 1716 2838 et

335 2880 548 2946 necessarium
571 2876 838 2966 impedimentum
861 2875 1037 2944 secundum
1054 2899 1274 2944 communem.
1316 2876 1482 2945 Secundo:
1508 2877 1558 2944 Ad
1575 2876 1716 2964 allegan-

334 2984 411 3052 dum
439 2985 604 3052 notorium
634 3003 665 3051 et
693 2986 810 3051 iustum
839 2982 1105 3071 impedimentum
1135 2983 1311 3070 temporale
1341 2983 1516 3051 admittitur
1545 2995 1716 3051 excusator

334 3113 396 3158 sec.
422 3113 541 3157 comm.
588 3089 716 3157 Tertio:
746 3088 797 3156 Ad
821 3087 1020 3175 allegandum
1050 3088 1167 3155 iustum
1198 3089 1465 3177 impedimentum
1495 3089 1713 3157 necessarium

333 3197 509 3283 temporale
532 3195 706 3263 admittitur
731 3206 896 3262 excusator
919 3216 982 3260 sec.
1008 3198 1145 3260 comm.³

441 3302 564 3370 Romae
587 3301 638 3369 die
663 3303 809 3368 mercurii
830 3301 884 3367 Vl.
910 3302 1011 3367 martii
1039 3320 1132 3386 1532.
1176 3300 1434 3390 Compatuerunt
1463 3320 1606 3368 oratores
1631 3301 1715 3368 Cae-

334 3410 409 3475 saris
433 3431 506 3476 cum
530 3407 641 3476 advoc.
667 3427 698 3474 et
722 3430 845 3494 procur.
872 3418 903 3473 et
927 3405 1043 3474 eodem
1067 3405 1167 3473 modo
1188 3417 1330 3474 oratores
1355 3420 1386 3474 ct
1403 3419 1604 3475 excusatores
1626 3410 1714 3496 regis

334 3514 483 3599 Angliae,
508 3516 560 3602 qui
585 3513 823 3602 disputaverunt
846 3533 909 3580 tres
934 3512 1167 3580 conclusiones.
1214 3515 1340 3580 Primo:
1366 3514 1465 3600 Regia
1490 3512 1626 3600 dignitas
1642 3537 1713 3581 non

334 3618 481 3708 impedit,
510 3620 683 3708 quominus
712 3620 752 3687 de
775 3621 841 3686 iure
866 3621 897 3686 in
922 3642 1028 3700 causa,
1059 3617 1098 3685 de
1126 3642 1186 3707 qua
1218 3622 1330 3706 agitur,
1359 3621 1444 3686 iuxta
1472 3631 1620 3686 tenorem
1645 3643 1713 3686 ma-

333 3727 481 3792 teriarum
507 3726 608 3813 possit
631 3723 725 3791 obiici
749 3723 789 3790 de
808 3725 882 3792 loco
907 3748 972 3792 non
997 3736 1067 3792 tuto
1091 3725 1158 3811 regi
1182 3748 1244 3792 sec.
1271 3747 1390 3792 comm.
1415 3725 1615 3812 opinionem.
1656 3725 1713 3792 Se-

334 3829 456 3897 cundo:
481 3827 655 3916 Impeditus
679 3827 829 3916 probabili
860 3841 891 3896 et
914 3832 1093 3897 necessario
1118 3830 1350 3918 impedimento
1373 3829 1542 3918 temporali
1571 3853 1639 3898 non
1657 3855 1712 3898 co-

333 3938 416 4024 gitur
433 3937 627 4003 constituere
650 3948 888 4022 procuratorem
914 3960 976 4004 sec.
995 3959 1114 4002 comm.
1132 3958 1184 4023 op.
1224 3935 1352 4004 Tertio:
1378 3933 1530 4024 Exceptio
1554 3936 1617 4004 loci
1642 3960 1711 4004 non

333 4045 391 4110 tuti
415 4042 569 4131 competit
594 4040 712 4108 nedum
737 4041 864 4130 quando
881 4040 980 4122 locus,
1006 4044 1119 4131 inquo
1143 4043 1244 4128 agitur
1268 4041 1431 4124 iudicium,
1455 4055 1588 4110 nonest
1612 4054 1711 4124 tutus,

333 4147 523 4230 sedetiam,
552 4145 679 4236 quando
712 4148 779 4214 loca
809 4147 929 4230 media,
958 4170 1013 4236 per
1037 4172 1117 4237 quae
1140 4147 1179 4214 de
1209 4150 1397 4216 necessitate
1422 4147 1564 4216 eundum
1593 4161 1643 4216 est
1672 4149 1712 4217 ad

333 4253 440 4319 locum
464 4251 580 4333 iudicii,
605 4275 671 4318 non
695 4265 768 4318 sunt
790 4265 858 4320 tuta
880 4277 942 4320 sec.
969 4276 1088 4320 comm.
1113 4254 1312 4342 opinionem.
1360 4253 1417 4340 (A.
1442 4253 1463 4321 f.
1492 4254 1605 4343 [96.)4

423 4400 441 4404 -,.
448 4398 537 4405 .-..--

442 4489 448 4518 ¹
468 4481 546 4534 Kard.
566 4497 619 4533 von
634 4480 715 4534 Porto
735 4499 790 4533 war
803 4481 934 4534 Antonius
948 4481 980 4534 de
994 4481 1094 4548 Monte,
1114 4481 1213 4535 Oheim
1233 4483 1280 4536 des
1293 4488 1417 4554 spitteren
1431 4484 1542 4554 Papstes
1555 4482 1640 4554 Julius
1655 4483 1710 4550 lll.,

333 4550 412 4605 Kard.
433 4567 485 4604 von
505 4551 551 4603 der
570 4551 665 4603 Sabina
684 4569 739 4603 war
759 4551 847 4604 Pietro
866 4551 899 4605 de
918 4552 1035 4619 Accolti,
1060 4563 1134 4606 sonst
1152 4569 1206 4605 von
1229 4554 1331 4606 seinem
1357 4553 1480 4607 frtrheren
1501 4553 1602 4607 Bistum
1629 4553 1710 4607 Kard.

333 4638 386 4674 uon
405 4621 519 4674 Ankona
532 4631 657 4690 genannt.

441 4690 520 4744 tDie
540 4705 569 4758 25
591 4690 692 4744 Artikel
711 4691 770 4745 sind
787 4693 914 4762 gedruclrt
934 4694 976 4746 bei
996 4693 1110 4754 Pococlr,
1131 4693 1162 4750 ll.
1182 4694 1216 4748 66
1234 4697 1267 4766 tr.

424 4767 450 4841 ⁸⁸
468 4759 520 4814 ote
538 4760 592 4813 drei
611 4760 712 4814 Anikel
736 4763 911 4832 entspreclren
936 4763 977 4816 bei
1002 4764 1109 4818 Pococlr
1131 4765 1148 4819 l.
1168 4782 1190 4820 c.
1210 4710 1261 4818 den
1281 4765 1431 4820 Nummern
1450 4781 1480 4832 4,
1503 4781 1514 4834 5
1536 4765 1590 4820 und
1610 4781 1634 4830 2,
1661 4783 1711 4820 nur

334 4829 403 4882 stelit
423 4847 449 4882 m
469 4829 515 4884 Nt.
535 4845 550 4882 2
570 4831 637 4884 nach
656 4831 719 4884 dem
734 4831 829 4886 Worte
847 4843 988 4888 excusator
1006 4835 1089 4888 noch:
1110 4836 1167 4888 sine
1185 4835 1321 4891 mandato.

440 4907 449 4936 ⁴
469 4899 516 4952 Bei
535 4899 640 4952 Pococlr
659 4901 675 4954 l.
696 4917 718 4954 c.
738 4901 779 4954 die
799 4903 946 4957 Numinern
969 4921 990 4971 1,
1013 4921 1023 4974 3
1046 4905 1098 4958 und
1121 4921 1158 4974 15.
