3842 5532
350 312 411 375 222
1420 321 1529 375 Summa
1548 317 1720 376 detensionis.

350 485 429 553 scire
453 483 602 572 potuerit,
627 479 713 570 quod
737 482 787 550 hic
811 481 921 571 aliquis
944 491 1042 560 esset,
1067 480 1119 568 qui
1143 479 1229 547 iilum
1255 498 1427 561 excusaret,
1452 480 1531 546 XVI
1553 503 1681 548 menses
1705 503 1723 546 a

350 590 411 671 die,
436 612 500 678 quo
525 588 581 655 tuit
605 589 726 670 citatus,
751 590 981 669 intercessere,¹
1006 584 1174 675 inquibus
1199 598 1283 654 certe
1310 609 1369 653 nec
1393 584 1552 673 praedicto
1577 586 1723 653 necatio

351 697 463 785 quovis
486 705 649 783 praetextu
673 696 813 761 excusari
837 705 953 782 potest,
977 694 1052 782 quin
1078 703 1249 759 contumax
1272 691 1374 760 fuerit.

456 835 604 902 Secundo
628 835 773 917 dicimus,
796 834 883 924 quod
907 834 979 901 licet
1002 844 1074 900 ante
1094 836 1231 922 primum
1249 831 1432 900 decretum²
1455 833 1612 913 daremus,
1636 832 1724 922 quod

351 954 523 1010 contumax
551 964 617 1008 non
641 940 764 1023 fuisset,
794 954 917 1021 tamen,
942 941 1176 1027 cumprimum
1203 941 1268 1007 eius
1297 951 1463 1007 excusator
1490 937 1547 1005 suit
1570 938 1724 1026 repulsus,

351 1047 434 1116 nulla
457 1049 579 1116 ratione
604 1067 711 1134 posset
731 1046 867 1127 defendi,
892 1047 967 1134 quin
992 1047 1073 1113 inter
1098 1059 1302 1113 contumaces
1327 1043 1488 1112 habendus
1512 1045 1631 1126 fuisset,
1656 1067 1723 1110 non

352 1155 508 1236 obstante,
533 1151 620 1243 quod
644 1175 801 1240 supereo
825 1151 1024 1219 admittendo
1048 1171 1136 1219 certo
1160 1165 1307 1239 tempore
1331 1150 1438 1218 fuisset
1462 1150 1664 1239 disputatum.

456 1295 581 1376 Tertio,
605 1293 692 1383 quod
717 1295 778 1361 hoc
804 1297 896 1360 etiam
922 1293 981 1360 iliis
1005 1316 1171 1374 concesse,
1195 1292 1281 1382 quod
1306 1292 1389 1360 illico
1413 1304 1486 1380 post
1509 1294 1646 1380 primum
1673 1290 1726 1358 de-

352 1415 472 1470 cretum
498 1420 669 1468 contumax
698 1423 764 1466 non
794 1399 916 1482 fuisset,
947 1424 1018 1467 cum
1048 1401 1185 1487 primum
1215 1412 1321 1466 tamen
1347 1423 1362 1465 a
1388 1397 1438 1466 die
1467 1400 1616 1466 scientiae
1646 1399 1726 1464 illius

352 1509 470 1575 decreti
498 1508 601 1596 potuit
628 1527 870 1594 procuratorem
900 1507 1025 1573 mittere
1049 1525 1080 1572 et
1108 1528 1174 1571 non
1201 1505 1287 1586 secit,
1318 1505 1400 1572 nulla
1430 1506 1553 1572 ratione
1582 1507 1726 1594 potuita

353 1614 552 1682 contumacia
575 1611 712 1680 defendi.

458 1757 527 1823 Nec
551 1753 668 1836 obstat,
697 1753 784 1843 quod
808 1766 918 1842 postea
947 1753 1176 1840 disputationes
1200 1751 1354 1820 admissae
1383 1752 1499 1820 suerint
1522 1766 1553 1820 et
1579 1754 1656 1819 novi
1681 1776 1727 1818 ar·

352 1861 438 1930 ticuli
465 1862 599 1949 recepti,
628 1863 700 1950 quia
723 1862 828 1948 primo
853 1858 1118 1927 considerandum
1148 1881 1217 1927 esse
1241 1859 1391 1942 dicimus,
1420 1859 1506 1948 quod
1535 1861 1616 1926 inter
1640 1859 1726 1926 diem

353 1968 471 2035 decreti
497 1980 528 2035 et
543 1965 749 2033 admissarum
768 1966 1017 2054 disputationum
1041 1963 1154 2032 decem
1171 1989 1298 2033 menses
1318 1967 1544 2047 intervenere,³
1567 1964 1728 2054 inquibus

354 2085 438 2141 certe
455 2084 616 2161 praetextu
640 2073 731 2140 huius
748 2071 959 2154 admissionis,
983 2095 1063 2161 quae
1081 2084 1171 2140 tanto
1187 2085 1334 2160 tempore
1357 2085 1431 2160 post
1454 2091 1560 2139 secuta
1578 2085 1635 2152 est,
1659 2095 1726 2138 nou

354 2182 456 2269 potuit
473 2202 490 2246 a
507 2179 597 2246 huius
615 2178 710 2246 medii
734 2180 888 2267 temporis
906 2181 1104 2246 contumacia
1129 2181 1285 2261 excusari,
1309 2178 1452 2246 secundo
1470 2177 1615 2259 dicimus,
1639 2176 1728 2267 quod

353 2298 429 2353 tunc
453 2287 564 2368 etiam,
594 2309 666 2352 cum
691 2284 919 2373 disputationes
943 2282 1097 2352 admissae
1121 2283 1258 2367 fuerunt,
1281 2307 1348 2352 non
1373 2297 1478 2373 potest
1501 2284 1563 2351 dici
1586 2283 1617 2351 id
1640 2285 1728 2373 quod

354 2393 404 2460 isti
428 2403 697 2481 praesupponunt,
721 2390 807 2480 quod
835 2391 973 2479 primum
998 2389 1160 2458 decretum
1186 2389 1278 2458 fuerit
1302 2403 1501 2471 revocatum,
1525 2415 1596 2457 cum
1621 2391 1729 2458 multis

353 2496 527 2564 rationibus
556 2496 749 2579 ostendatur,
778 2497 864 2586 quod
888 2497 1042 2565 Sanctitas
1066 2497 1179 2565 Vestra
1209 2496 1283 2564 illud
1312 2520 1460 2564 revocare
1488 2497 1639 2579 noluerit,
1669 2521 1730 2565 nec

355 2604 449 2671 etiam
474 2626 513 2670 eo
530 2623 677 2691 tempore
693 2605 848 2692 potuerit;
877 2605 971 2672 tertio
989 2603 1110 2686 dicitur,
1135 2603 1222 2693 quod
1246 2603 1318 2672 licet
1335 2605 1488 2671 Sanctitas
1505 2605 1619 2671 Vestra
1642 2627 1731 2690 prae·

355 2708 437 2777 dicta
453 2708 629 2777 admisisset
655 2733 694 2776 eo
711 2712 830 2792 animo,
855 2723 889 2777 ut
913 2708 988 2776 illud
1005 2709 1167 2778 decretum
1192 2723 1366 2792 revocaret,
1390 2712 1415 2776 si
1432 2709 1488 2776 sibi
1513 2707 1729 2777 revocandum

357 2839 426 2883 esse
450 2813 618 2898 uideretur,
650 2816 714 2883 hoc
742 2828 850 2884 tamen
878 2840 944 2883 non
974 2817 1128 2904 potuisset
1156 2815 1267 2884 tollere
1295 2818 1527 2884 contumaciam
1556 2817 1639 2903 tegis
1668 2817 1729 2882 iam

356 2934 529 3004 causatam,
566 2945 624 2988 nec
656 2920 824 3010 impedire,
860 2924 1031 3011 quominus
1066 2945 1102 2989 ea
1137 2923 1264 2989 interim
1299 2935 1465 3008 augeretur
1501 2933 1531 2989 et
1564 2924 1665 2989 maior
1698 2925 1730 2988 in

356 3028 422 3096 dies
446 3027 547 3096 fieret.

461 3169 586 3251 Quarto
611 3183 642 3238 et
672 3170 783 3238 ultimo
808 3169 951 3254 dicimus,
981 3169 1067 3260 quod
1097 3171 1154 3238 etsi
1185 3169 1343 3258 praedicta
1374 3171 1482 3237 omnia
1513 3183 1671 3239 cessarent
1700 3184 1732 3239 et

356 3275 442 3365 quod
466 3275 615 3344 hactenus
639 3299 693 3344 rex
716 3288 888 3344 contumax
912 3275 1018 3344 habeti
1042 3300 1109 3343 non
1134 3275 1302 3358 debuisset,
1327 3289 1399 3364 post
1423 3277 1598 3344 secundum
1622 3290 1729 3344 tamen

357 3379 537 3464 decretum,
567 3405 630 3472 quo
656 3385 684 3450 ei
708 3382 797 3451 datus
827 3382 884 3450 fuit
912 3385 1066 3450 terminus
1094 3381 1133 3448 ad
1163 3393 1401 3470 procuratorem
1431 3384 1462 3449 in
1491 3382 1652 3471 principali
1678 3407 1733 3451 ne-

356 3489 446 3575 gotio
471 3489 689 3570 mittendum,4
713 3491 852 3557 excusari
877 3513 944 3556 non
969 3490 1138 3577 potuisset,
1163 3490 1238 3577 quin
1264 3489 1370 3578 elapso
1396 3491 1534 3556 termino
1559 3509 1732 3556 contumax

356 3591 476 3675 fuisset,
500 3618 571 3662 cum
597 3593 798 3663 manifestum
824 3599 874 3677 sit,
898 3595 983 3684 quod
1009 3594 1171 3662 decretum
1196 3593 1270 3661 illud
1295 3594 1440 3662 eamdem
1465 3596 1530 3662 vim
1554 3595 1671 3677 habuit,
1697 3620 1733 3663 ac

357 3701 382 3766 si
406 3701 520 3767 iterum
546 3715 711 3769 excusator
728 3725 889 3790 expressse
913 3701 1055 3790 repulsus
1080 3713 1110 3768 et
1134 3724 1188 3769 rex
1212 3699 1250 3768 ad
1276 3699 1467 3768 mittendum
1491 3715 1733 3790 procuratorem

358 3803 590 3874 condemnatus
614 3805 734 3889 fuisset,
758 3806 829 3875 licet
854 3809 920 3874 eius
944 3806 1129 3874 defensores
1153 3806 1271 3874 levibus
1296 3806 1480 3896 quibusdam
1506 3807 1735 3876 consideratio-

358 3911 448 3979 nibus
472 3911 555 3979 aiiud
577 3934 844 4001 praesupponant,
868 3914 979 4003 quibus
1003 3912 1127 3981 abunde
1150 3912 1369 4000 respondetur.

358 4068 430 4075 --..-.
442 4069 476 4074 -..-
490 4069 512 4073 .-
518 4069 567 4075 ..ω-.-

464 4159 617 4214 ¹Namlich
637 4178 699 4214 vom
723 4161 761 4216 16.
780 4161 831 4232 Juli
855 4176 920 4234 1529
938 4161 1003 4215 oder
1023 4173 1106 4215 etwas
1126 4166 1214 4232 spater
1234 4161 1272 4212 bis
1293 4159 1406 4214 Februar
1422 4175 1497 4230 1531,
1516 4179 1562 4215 wo
1581 4171 1667 4215 zuerst
1688 4161 1735 4215 der

359 4230 506 4285 Exkusator
524 4248 573 4285 vor
592 4231 638 4285 der
656 4231 726 4285 Rota
746 4232 875 4286 erschien.
912 4231 980 4286 Acta
999 4233 1108 4286 consist.
1130 4247 1169 4285 12.
1189 4230 1221 4284 ΙΙ.
1245 4245 1319 4300 1531·

465 4301 548 4356 ’Das
569 4309 638 4356 erste
657 4301 756 4356 Dekret
780 4303 813 4356 ist
840 4302 885 4355 der
905 4301 1042 4356 Beschluss
1063 4319 1126 4356 vom
1149 4317 1187 4355 12.
1208 4299 1322 4355 Februar
1345 4317 1417 4370 1531,
1437 4303 1554 4356 tuouach
1576 4303 1622 4356 der
1646 4303 1733 4356 Exitu-

359 4380 431 4426 sator
450 4372 523 4425 nicht
541 4372 694 4427 zuzulassen
713 4374 764 4440 sei,
791 4373 906 4427 sondern
926 4373 972 4426 der
991 4372 1082 4444 Kbnig
1101 4374 1179 4426 einen
1198 4371 1371 4496 techtmissip
1390 4373 1646 4444 bevollmaclttigten
1665 4373 1734 4427 Ver-

359 4452 440 4497 treter
458 4442 583 4496 schiclren
602 4449 700 4497 mttsse.
737 4443 794 4497 Vor
813 4443 914 4497 diesem
934 4443 1032 4497 Delrret
1058 4459 1121 4514 mag
1139 4453 1222 4510 etwa,
1247 4459 1278 4496 so
1297 4444 1330 4496 ist
1368 4459 1396 4496 er
1414 4443 1491 4507 Sinn,
1516 4442 1642 4498 Heinrich
1661 4445 1734 4498 noch

359 4512 432 4566 nicht
451 4522 594 4567 contumax
613 4529 741 4584 gewesen
761 4515 826 4580 sein,
846 4515 932 4568 sicher
951 4515 1014 4568 aber
1032 4514 1101 4568 nach
1119 4513 1283 4568 demselben.

420 4655 436 4706 b
466 4583 617 4637 ³Namlich
636 4601 699 4637 vom
717 4600 755 4638 12.
777 4584 968 4654 Februar1531
992 4585 1030 4638 bis
1050 4602 1110 4638 zum
1129 4584 1326 4638 Konsistotium
1347 4602 1409 4638 torn
1432 4601 1471 4640 11.
1491 4586 1734 4655 Deaember1531,

361 4671 380 4707 s.
401 4670 479 4708 oen.

464 4731 474 4760 ⁴
494 4723 594 4777 Dekret
613 4741 677 4778 vom
696 4725 720 4779 8.
739 4725 790 4796 Juli
811 4741 887 4795 1532,
907 4742 928 4780 s.
948 4725 1019 4780 oben
1038 4725 1064 4781 S.
1084 4741 1143 4781 212.
