3850 5534
183 327 253 395 1528
272 325 354 398 April.
1515 314 1555 379 25

179 509 250 554 non
275 503 340 553 erat
364 485 541 573 privatione
564 481 713 571 dignum,
740 509 780 551 an
804 484 895 552 faciat
919 485 1038 553 crimen
1062 485 1239 574 privatione
1262 484 1410 574 dignum,
1439 487 1481 553 ita
1504 483 1557 554 ubi

179 591 324 660 rescribit
354 603 465 659 contra
493 591 557 672 ius,
588 589 661 657 licet
688 591 770 678 Papa
803 609 967 658 censeatur
998 590 1113 658 habere
1146 591 1254 658 omnia
1282 593 1349 658 iura
1377 593 1410 658 in
1440 591 1557 659 scrinio

178 699 336 786 pectoris,
364 709 473 764 tamen
501 707 663 784 tamquam
687 697 788 764 homo
817 721 856 764 ex
881 695 1043 764 oblivione
1066 696 1189 765 videtur
1216 697 1336 765 secisse.
1383 695 1557 766 Et'liceta

178 805 339 872 sententia
362 803 464 889 Papae
488 826 554 868 non
579 802 760 890 appelletur,
784 815 891 870 tamen
917 802 1020 870 haberi
1045 826 1207 871 recursum
1231 802 1362 891 abipso
1386 802 1425 871 ad
1444 802 1557 870 melius

179 907 431 977 informandum.

286 1032 442 1100 Dicebam
473 1034 583 1114 etiam,
615 1031 702 1120 quod
732 1033 889 1100 sententia
920 1035 952 1098 in
983 1056 1074 1100 causa
1105 1033 1345 1116 matrimoniali,
1376 1033 1471 1101 etiam
1502 1056 1557 1121 per

179 1139 389 1206 Sanctitatem
406 1139 569 1221 Vestram,
599 1161 761 1228 nunquam
790 1139 901 1207 transit
928 1140 961 1206 in
989 1161 1058 1206 rem
1082 1138 1266 1223 iudicatam,
1295 1141 1354 1207 nisi
1377 1137 1482 1229 quoad
1506 1163 1557 1206 ex-

177 1268 305 1334 pensas,
330 1257 362 1312 et
384 1256 492 1333 potest
513 1268 639 1332 semper
663 1247 831 1326 retractari,
856 1257 888 1313 et
910 1243 997 1335 quod
1019 1243 1149 1312 ecclesia
1172 1243 1309 1312 militans
1333 1267 1400 1311 non
1424 1244 1563 1312 attendit

178 1351 212 1418 in
237 1351 452 1418 matrimoniis
475 1351 645 1418 contractis
669 1351 728 1418 nisi
752 1349 799 1432 id,
828 1351 913 1440 quod
942 1350 1000 1418 sibi
1024 1361 1148 1418 constat
1156 1376 1165 1434 ;
1199 1361 1231 1418 et
1253 1348 1327 1417 ideo
1351 1349 1423 1418 licet
1451 1351 1558 1418 matri-

178 1459 330 1524 monium
355 1458 489 1539 nonsit,
512 1457 572 1522 nisi
596 1458 784 1524 interveniat
806 1481 902 1546 purus
922 1480 1108 1538 consensus,
1132 1479 1199 1524 non
1224 1454 1360 1524 creditur
1384 1481 1443 1524 nec
1459 1469 1557 1525 statur

178 1562 310 1644 dicenti,
334 1585 369 1630 se
394 1584 461 1628 non
485 1563 696 1646 consensisse,
720 1587 775 1630 seu
800 1562 887 1652 quod
909 1575 1101 1653 protestatus
1124 1562 1234 1644 luerat,
1260 1563 1345 1631 nolle
1369 1563 1556 1632 contrahere

178 1669 434 1750 matrimonium,
457 1666 545 1757 quod
560 1679 671 1756 postea
694 1691 840 1756 pereum
863 1669 921 1737 fuit
936 1688 1146 1751 contractum,
1171 1693 1243 1738 cum
1262 1681 1336 1757 post
1356 1671 1558 1759 protestatio·

177 1797 256 1842 nem
281 1772 501 1841 contrahendo
530 1775 664 1863 gesserit
686 1786 792 1842 actum
823 1777 1016 1843 contrarium
1044 1776 1276 1864 protestationi.
1323 1776 1361 1844 Et
1379 1787 1557 1864 propterea,

177 1881 268 1970 quod
292 1882 394 1969 magis
418 1891 500 1948 esset
524 1880 706 1948 consultum
733 1883 810 1969 tegi,
834 1881 922 1970 quod
945 1905 1037 1949 causa
1060 1882 1313 1950 committeretur
1337 1882 1492 1970 episcopis
1515 1881 1557 1949 ibi

177 1988 211 2054 iu
237 1986 376 2076 partibus
406 1987 500 2062 etiam
524 1987 592 2054 sine
621 1987 773 2054 missione
805 1987 914 2075 legati,
943 2011 1051 2054 coram
1080 1985 1193 2076 quibus
1217 1999 1299 2055 esset
1322 1986 1556 2056 discutiendum

177 2091 223 2160 dev
249 2092 382 2160 veritate
413 2090 567 2160 dictatum
598 2115 761 2160 causarum
792 2105 825 2160 et
856 2116 896 2159 an
927 2094 990 2161 sint
1018 2093 1110 2175 tales,
1144 2116 1224 2182 quae
1254 2092 1294 2160 de
1325 2095 1391 2160 iure
1423 2092 1558 2162 reddant

177 2198 297 2266 litteras
322 2197 566 2287 dispensationis
590 2198 786 2287 subreptitias
811 2211 842 2267 et
865 2198 1024 2266 invalidas.
1064 2200 1103 2267 Et
1124 2223 1163 2266 ex
1185 2223 1250 2288 quo
1274 2218 1321 2267 est
1345 2198 1447 2267 editus
1470 2199 1557 2281 liber,

176 2306 212 2371 in
241 2328 307 2393 quo
338 2303 536 2372 adducuntur
565 2306 766 2373 auctoritates
795 2303 1024 2393 theologorum
1056 2315 1087 2372 et
1116 2306 1191 2372 iuris
1222 2329 1257 2372 ac
1288 2327 1446 2372 canonum
1477 2307 1557 2393 peri-

176 2423 305 2492 torum,
333 2411 387 2499 qui
416 2421 542 2493 tenent,
571 2432 678 2478 causas
709 2412 790 2499 ipsas
820 2435 889 2479 esse
919 2409 1112 2478 sufficientes
1143 2409 1182 2477 ad
1212 2409 1411 2479 reddendum
1440 2410 1557 2478 litteras

177 2516 427 2606 dispensationis
455 2517 646 2605 surreptitias
671 2529 703 2585 et
726 2517 836 2599 nullas,
865 2529 1017 2606 poterunt
1039 2516 1121 2585 serre
1149 2518 1356 2598 sententiam,
1387 2539 1445 2605 pro
1470 2517 1557 2583 cuius

75 2711 77 2715 ,
176 2624 304 2690 maiore
337 2621 453 2690 robore
484 2623 600 2710 poterit
629 2645 684 2710 per
713 2623 916 2690 Sanctitatem
942 2625 1089 2692 Vestram
1120 2623 1286 2713 approbari
1316 2635 1347 2692 et
1375 2621 1557 2691 confirmari

181 2737 257 2795 cum
282 2727 483 2817 suppletione
509 2726 689 2796 defectuum
713 2741 777 2797 tam
803 2731 876 2796 iuris
892 2753 986 2819 quam
1011 2729 1094 2809 facti,
1118 2732 1171 2818 qui
1194 2731 1226 2796 in
1244 2753 1280 2796 ea
1304 2731 1390 2797 etin
1415 2731 1556 2818 ipsorum

179 2832 326 2902 iudicum
353 2857 504 2923 processu
526 2836 786 2918 intervenissent,
815 2847 847 2902 et
869 2835 953 2902 illam
982 2835 1173 2904 confirmate
1202 2860 1240 2903 ex
1263 2847 1347 2904 certa
1374 2835 1504 2902 scientia
1527 2846 1559 2902 et

180 2939 223 3008 de
246 2939 445 3028 plenitudine
467 2941 659 3029 potestatis.¹

291 3064 361 3131 Nec
378 3061 426 3130 his
441 3065 676 3153 acquieverunt,
695 3063 893 3152 replicantes,
917 3063 1004 3155 quod
1019 3064 1128 3154 populi
1144 3065 1186 3132 illi
1203 3077 1234 3133 et
1250 3076 1359 3148 status,
1378 3077 1442 3134 nm
1461 3063 1559 3134 eccle-

181 3170 328 3238 siasticus
345 3193 438 3258 quam
462 3168 617 3236 nobilium
634 3189 665 3238 et
681 3169 866 3258 plebeorum
884 3169 1007 3254 viderit,
1031 3169 1118 3260 quod
1143 3171 1297 3239 Sanctitas
1310 3173 1424 3239 Vestra
1445 3193 1559 3259 appro-

182 3276 319 3357 baverit,
349 3273 446 3342 dictas
474 3297 581 3342 causas
610 3277 642 3342 in
671 3275 780 3343 litteris
808 3275 1053 3364 dispensationis
1080 3300 1242 3364 expressas
1271 3275 1311 3345 de
1333 3279 1400 3344 iure
1427 3275 1559 3344 reddere

181 3382 302 3450 litteras
326 3381 520 3469 surreptitias
549 3392 580 3449 et
609 3379 722 3465 nullas,
751 3393 783 3449 et
810 3381 929 3449 iudices
958 3382 1070 3472 quibus
1097 3406 1154 3472 per
1182 3383 1387 3451 Sanctitatem
1411 3383 1558 3450 Vestram

180 3485 277 3556 fuerit
294 3488 466 3554 commissa
489 3485 556 3554 sola
579 3487 741 3576 inquisitio
764 3489 902 3555 veritatis
926 3487 1079 3556 dictarum
1100 3511 1274 3571 causarum,
1298 3489 1471 3576 repererint
1493 3486 1559 3555 illas

182 3617 254 3661 esse
277 3616 383 3674 veras,
412 3591 571 3660 declarent
598 3591 715 3660 litteras
743 3595 935 3682 surreptitias
964 3606 996 3662 et
1019 3595 1258 3663 matrimonium
1284 3593 1405 3662 nullum
1429 3605 1460 3661 et
1483 3617 1559 3660 con-

183 3698 300 3767 cedant
330 3697 490 3766 licentiam
521 3699 588 3787 tegi
611 3699 643 3765 in
667 3699 813 3766 Domino
842 3699 983 3768 nubendi
1011 3722 1084 3767 cum
1114 3724 1301 3790 quacunque
1331 3699 1388 3767 alia
1416 3698 1558 3782 muliere,

182 3803 273 3872 nullo
290 3803 480 3873 subsistente
503 3805 661 3872 canonico
678 3804 957 3896 (impedimento),
981 3803 1158 3873 nuntiando
1174 3804 1298 3892 prolem
1322 3828 1360 3870 ex
1377 3802 1559 3871 huiusmodi

182 3903 408 3980 contrahendo
431 3912 638 3979 matrimonio
654 3909 887 4000 suscipiendam
905 3911 1090 4000 legitimam,
1115 3909 1184 3978 sore
1200 3909 1318 3992 dicunt,
1342 3908 1429 4000 quod
1445 3932 1560 3977 omnes

181 4030 285 4085 status
308 4015 389 4083 illius
412 4019 503 4104 regni
526 4040 593 4084 non
610 4016 771 4100 curabunt,
794 4030 906 4106 postea
928 4019 955 4084 si
978 4018 1172 4086 contrarium
1188 4018 1300 4104 vigore
1323 4017 1559 4084 commissionis

181 4123 366 4192 Sanctitatis
382 4123 515 4191 Vestrae
531 4121 749 4214 declararetur,
773 4147 833 4192 nec
850 4125 955 4206 etiam,
979 4125 1005 4190 si
1021 4146 1220 4192 successores
1236 4122 1415 4190 Sanctitatis
1427 4123 1560 4189 Vestrae

183 4229 391 4310 declararent,
416 4228 447 4295 id
469 4227 556 4318 quod
579 4229 732 4297 Sanctitas
749 4231 863 4298 Vestra
886 4232 959 4298 iuris
977 4253 1046 4298 esse
1067 4230 1209 4298 statuerit
1232 4251 1326 4316 super
1346 4227 1437 4294 dictis
1461 4229 1559 4295 causis

182 4340 217 4406 in
241 4336 354 4404 litteris
381 4335 625 4424 dispensationis
654 4337 822 4424 expressis,
847 4336 992 4404 videlicet
1015 4335 1101 4426 quod
1126 4333 1165 4402 de
1188 4336 1256 4402 iure
1283 4335 1346 4402 sint
1368 4332 1560 4401 sufficientes

182 4442 225 4510 ad
248 4439 448 4510 reddendum
475 4441 592 4509 litteras
619 4443 701 4528 ipsas
717 4440 921 4530 ¹surreptitias
947 4454 979 4510 et
1002 4441 1116 4524 nullas,
1145 4465 1183 4509 ex
1207 4464 1270 4530 quo
1299 4441 1449 4528 sequitur,
1473 4437 1559 4529 quod

182 4549 440 4629 matrimonium,
463 4547 585 4615 illarum
609 4549 720 4636 vigore
743 4559 941 4636 contractum
965 4547 1058 4616 luerit
1081 4566 1113 4615 et
1136 4565 1183 4614 est
1211 4545 1342 4613 nullum.
1389 4546 1427 4614 Et
1451 4569 1488 4612 ex
1512 4544 1559 4612 his

183 4655 342 4724 Sanctitas
358 4655 472 4724 Vestra
496 4654 664 4742 intelliget,
694 4677 789 4744 quare
820 4652 994 4722 firmarunt
1014 4653 1127 4742 pedes,
1151 4652 1231 4722 velle
1255 4654 1390 4720 omnino
1415 4651 1559 4720 obtinere

184 4785 204 4829 a
231 4760 404 4830 Sanctitate
429 4762 556 4844 Vestra,
585 4759 672 4849 quod
703 4761 770 4848 ipsa
798 4759 952 4849 approbet
981 4783 1088 4828 causas
1116 4761 1150 4828 in
1178 4760 1288 4829 litteris
1316 4759 1559 4847 dispensationis

184 4889 400 4900 ‚...-.-.—-—

298 4965 304 4994 ¹
324 4955 387 5012 Man
402 4953 485 5028 vergl.
505 4955 594 5010 hierzu
614 4956 701 5010 meine
721 4971 837 5010 neueren
852 4953 1059 5026 hussithrungen
1077 4955 1114 5008 im
1133 4954 1230 5010 Histor.
1243 4953 1332 5027 Jahrb.
1349 4955 1414 5026 1892
1433 4953 1458 5007 S.
1474 4951 1526 5018 486
1542 4951 1558 5007 s.
